DEVICEID,LINE_TIMESTAMP,Q,P,T
LINE1,01-10-2020 00:00:14.175,,1.33,
LINE1,01-10-2020 00:00:15.175,,1.62,
LINE1,01-10-2020 00:00:21.675,,1.42,
LINE1,01-10-2020 00:00:28.675,,1.62,
LINE1,01-10-2020 00:00:39.543,0.05,1.53,17.95
LINE1,01-10-2020 00:00:51.175,,1.29,
LINE1,01-10-2020 00:00:52.175,,1.66,
LINE1,01-10-2020 00:01:21.676,,1.45,
LINE1,01-10-2020 00:01:39.541,0.05,1.56,17.95
LINE1,01-10-2020 00:02:39.542,0.05,1.62,17.95
LINE1,01-10-2020 00:03:23.175,,1.36,
LINE1,01-10-2020 00:03:25.175,,1.57,
LINE1,01-10-2020 00:03:39.541,0.05,1.52,17.95
LINE1,01-10-2020 00:04:39.543,0.05,1.58,18
LINE1,01-10-2020 00:05:33.669,,1.36,
LINE1,01-10-2020 00:05:34.669,,1.68,
LINE1,01-10-2020 00:05:39.543,0.05,1.58,18.05
LINE1,01-10-2020 00:06:39.542,0.05,1.52,18.16
LINE1,01-10-2020 00:07:39.543,0.05,1.55,18.16
LINE1,01-10-2020 00:08:39.542,0.05,1.57,18.16
LINE1,01-10-2020 00:09:02.669,,1.36,
LINE1,01-10-2020 00:09:04.669,,1.59,
LINE1,01-10-2020 00:09:25.669,,1.35,
LINE1,01-10-2020 00:09:26.670,,1.59,
LINE1,01-10-2020 00:09:39.543,0.05,1.53,18.01
LINE1,01-10-2020 00:09:43.670,,,17.78
LINE1,01-10-2020 00:09:53.670,,,17.55
LINE1,01-10-2020 00:10:05.670,,,17.34
LINE1,01-10-2020 00:10:33.671,,,17.56
LINE1,01-10-2020 00:10:39.542,0.05,1.62,17.51
LINE1,01-10-2020 00:10:51.674,,,17.73
LINE1,01-10-2020 00:11:33.674,,1.37,
LINE1,01-10-2020 00:11:34.674,,1.62,
LINE1,01-10-2020 00:11:35.675,,1.38,
LINE1,01-10-2020 00:11:36.676,,1.64,
LINE1,01-10-2020 00:11:39.542,0.05,1.6,17.83
LINE1,01-10-2020 00:11:39.547,,,17.61
LINE1,01-10-2020 00:11:55.675,,,17.82
LINE1,01-10-2020 00:12:39.543,0.05,1.5,17.72
LINE1,01-10-2020 00:13:39.543,0.05,1.56,17.72
LINE1,01-10-2020 00:14:02.669,,1.35,
LINE1,01-10-2020 00:14:03.669,,1.67,
LINE1,01-10-2020 00:14:05.669,,1.33,
LINE1,01-10-2020 00:14:06.670,,1.68,
LINE1,01-10-2020 00:14:07.669,,1.43,
LINE1,01-10-2020 00:14:39.542,0.05,1.57,17.56
LINE1,01-10-2020 00:14:46.670,,1.34,
LINE1,01-10-2020 00:14:47.669,,1.56,
LINE1,01-10-2020 00:15:39.541,0.05,1.49,17.39
LINE1,01-10-2020 00:16:39.542,0.05,1.55,17.5
LINE1,01-10-2020 00:17:01.671,,,17.73
LINE1,01-10-2020 00:17:11.670,,1.32,
LINE1,01-10-2020 00:17:12.670,,1.55,
LINE1,01-10-2020 00:17:39.541,0.05,1.54,17.61
LINE1,01-10-2020 00:18:39.543,0.05,1.57,17.65
LINE1,01-10-2020 00:19:04.669,,1.35,
LINE1,01-10-2020 00:19:05.669,,1.59,
LINE1,01-10-2020 00:19:39.542,0.05,1.62,17.56
LINE1,01-10-2020 00:20:22.669,,1.41,
LINE1,01-10-2020 00:20:39.542,0.05,1.53,17.5
LINE1,01-10-2020 00:21:39.543,0.05,1.53,17.52
LINE1,01-10-2020 00:22:39.542,0.05,1.56,17.51
LINE1,01-10-2020 00:22:52.669,,1.27,
LINE1,01-10-2020 00:22:53.669,,1.7,
LINE1,01-10-2020 00:22:54.669,,1.44,
LINE1,01-10-2020 00:23:07.669,,1.64,
LINE1,01-10-2020 00:23:29.669,,1.43,
LINE1,01-10-2020 00:23:39.542,0.05,1.56,17.4
LINE1,01-10-2020 00:24:39.541,0.05,1.6,17.5
LINE1,01-10-2020 00:24:53.674,,1.32,
LINE1,01-10-2020 00:24:54.674,,1.55,
LINE1,01-10-2020 00:25:24.669,,1.33,
LINE1,01-10-2020 00:25:26.670,,1.56,
LINE1,01-10-2020 00:25:39.542,0.05,1.55,17.4
LINE1,01-10-2020 00:26:39.541,0.05,1.55,17.34
LINE1,01-10-2020 00:27:39.542,0.05,1.58,17.29
LINE1,01-10-2020 00:28:09.669,,1.32,
LINE1,01-10-2020 00:28:10.669,,1.61,
LINE1,01-10-2020 00:28:39.541,0.05,1.57,17.29
LINE1,01-10-2020 00:29:39.542,0.05,1.5,17.29
LINE1,01-10-2020 00:30:39.543,0.05,1.56,17.12
LINE1,01-10-2020 00:31:39.542,0.05,1.57,17.18
LINE1,01-10-2020 00:32:32.669,,1.29,
LINE1,01-10-2020 00:32:33.169,,1.56,
LINE1,01-10-2020 00:32:39.543,0.05,1.48,17.07
LINE1,01-10-2020 00:33:29.669,,1.27,
LINE1,01-10-2020 00:33:30.669,,1.67,
LINE1,01-10-2020 00:33:39.542,0.05,1.55,17.05
LINE1,01-10-2020 00:34:12.669,,1.34,
LINE1,01-10-2020 00:34:13.669,,1.65,
LINE1,01-10-2020 00:34:39.543,0.05,1.6,17.06
LINE1,01-10-2020 00:35:08.169,,1.39,
LINE1,01-10-2020 00:35:09.169,,1.65,
LINE1,01-10-2020 00:35:32.669,,1.43,
LINE1,01-10-2020 00:35:33.669,,1.65,
LINE1,01-10-2020 00:35:36.670,,1.44,
LINE1,01-10-2020 00:35:39.542,0.05,1.55,16.96
LINE1,01-10-2020 00:36:39.542,0.05,1.61,16.96
LINE1,01-10-2020 00:37:39.543,0.05,1.53,16.83
LINE1,01-10-2020 00:37:41.674,,1.26,
LINE1,01-10-2020 00:37:42.674,,1.66,
LINE1,01-10-2020 00:37:46.675,,1.36,
LINE1,01-10-2020 00:37:48.674,,1.59,
LINE1,01-10-2020 00:38:02.674,,1.32,
LINE1,01-10-2020 00:38:03.674,,1.59,
LINE1,01-10-2020 00:38:31.669,,1.34,
LINE1,01-10-2020 00:38:32.669,,1.72,
LINE1,01-10-2020 00:38:34.669,,1.46,
LINE1,01-10-2020 00:38:39.541,0.05,1.48,16.85
LINE1,01-10-2020 00:39:39.543,0.05,1.54,16.84
LINE1,01-10-2020 00:40:16.670,,1.29,
LINE1,01-10-2020 00:40:17.669,,1.72,
LINE1,01-10-2020 00:40:18.669,,1.49,
LINE1,01-10-2020 00:40:39.542,0.05,1.42,16.85
LINE1,01-10-2020 00:40:41.669,,1.64,
LINE1,01-10-2020 00:41:18.669,,1.41,
LINE1,01-10-2020 00:41:19.669,,1.67,
LINE1,01-10-2020 00:41:36.670,,1.46,
LINE1,01-10-2020 00:41:39.543,0.05,1.58,16.85
LINE1,01-10-2020 00:41:50.669,,1.37,
LINE1,01-10-2020 00:41:51.669,,1.62,
LINE1,01-10-2020 00:42:03.669,,1.39,
LINE1,01-10-2020 00:42:04.669,,1.6,
LINE1,01-10-2020 00:42:39.541,0.05,1.47,16.85
LINE1,01-10-2020 00:43:39.543,0.05,1.61,16.74
LINE1,01-10-2020 00:43:48.670,,1.39,
LINE1,01-10-2020 00:43:51.670,,1.6,
LINE1,01-10-2020 00:44:15.673,,1.33,
LINE1,01-10-2020 00:44:17.673,,1.62,
LINE1,01-10-2020 00:44:39.543,0.05,1.52,16.74
LINE1,01-10-2020 00:45:39.542,0.05,1.55,16.75
LINE1,01-10-2020 00:46:39.542,0.05,1.52,16.68
LINE1,01-10-2020 00:47:39.542,0.05,1.55,16.68
LINE1,01-10-2020 00:48:39.543,0.05,1.59,16.63
LINE1,01-10-2020 00:49:05.169,,1.37,
LINE1,01-10-2020 00:49:07.669,,1.61,
LINE1,01-10-2020 00:49:39.541,0.05,1.49,16.63
LINE1,01-10-2020 00:50:39.542,0.05,1.6,16.64
LINE1,01-10-2020 00:50:54.673,,1.4,
LINE1,01-10-2020 00:50:55.173,,1.63,
LINE1,01-10-2020 00:51:25.674,,1.39,
LINE1,01-10-2020 00:51:27.674,,1.63,
LINE1,01-10-2020 00:51:32.674,,1.43,
LINE1,01-10-2020 00:51:39.542,0.05,1.45,16.47
LINE1,01-10-2020 00:51:41.674,,1.65,
LINE1,01-10-2020 00:51:47.674,,1.44,
LINE1,01-10-2020 00:51:48.674,,1.69,
LINE1,01-10-2020 00:51:50.669,,1.46,
LINE1,01-10-2020 00:52:14.669,,1.68,
LINE1,01-10-2020 00:52:15.669,,1.45,
LINE1,01-10-2020 00:52:20.669,,1.71,
LINE1,01-10-2020 00:52:24.669,,1.44,
LINE1,01-10-2020 00:52:33.669,,1.64,
LINE1,01-10-2020 00:52:39.543,0.05,1.52,16.46
LINE1,01-10-2020 00:53:39.542,0.05,1.52,16.45
LINE1,01-10-2020 00:54:39.541,0.05,1.5,16.47
LINE1,01-10-2020 00:55:39.541,0.05,1.55,16.46
LINE1,01-10-2020 00:56:39.542,0.05,1.52,16.31
LINE1,01-10-2020 00:57:39.543,0.05,1.61,16.3
LINE1,01-10-2020 00:58:39.542,0.05,1.63,16.26
LINE1,01-10-2020 00:58:39.547,,1.43,
LINE1,01-10-2020 00:58:39.669,,1.71,
LINE1,01-10-2020 00:58:47.669,,1.51,
LINE1,01-10-2020 00:58:54.669,,1.72,
LINE1,01-10-2020 00:59:05.669,,1.42,
LINE1,01-10-2020 00:59:07.669,,1.63,
LINE1,01-10-2020 00:59:39.542,0.05,1.43,16.19
LINE1,01-10-2020 00:59:39.547,,1.65,
LINE1,01-10-2020 01:00:02.669,,1.43,
LINE1,01-10-2020 01:00:05.669,,1.63,
LINE1,01-10-2020 01:00:18.669,,1.42,
LINE1,01-10-2020 01:00:19.669,,1.63,
LINE1,01-10-2020 01:00:39.543,0.05,1.53,16.21
LINE1,01-10-2020 01:00:51.669,,1.32,
LINE1,01-10-2020 01:00:52.669,,1.59,
LINE1,01-10-2020 01:01:04.169,,1.38,
LINE1,01-10-2020 01:01:05.669,,1.7,
LINE1,01-10-2020 01:01:12.669,,1.5,
LINE1,01-10-2020 01:01:39.541,0.05,1.56,16.21
LINE1,01-10-2020 01:02:39.542,0.05,1.62,16.08
LINE1,01-10-2020 01:03:21.669,,1.29,
LINE1,01-10-2020 01:03:22.669,,1.7,
LINE1,01-10-2020 01:03:25.669,,1.4,
LINE1,01-10-2020 01:03:31.670,,1.62,
LINE1,01-10-2020 01:03:39.541,0.05,1.42,16.04
LINE1,01-10-2020 01:03:44.669,,1.66,
LINE1,01-10-2020 01:04:13.173,,1.45,
LINE1,01-10-2020 01:04:39.543,0.05,1.51,15.99
LINE1,01-10-2020 01:05:39.542,0.05,1.47,15.97
LINE1,01-10-2020 01:06:39.542,0.05,1.54,15.98
LINE1,01-10-2020 01:06:58.162,,1.75,
LINE1,01-10-2020 01:06:59.162,,1.41,
LINE1,01-10-2020 01:07:00.162,,1.65,
LINE1,01-10-2020 01:07:07.663,,1.44,
LINE1,01-10-2020 01:07:22.662,,1.67,
LINE1,01-10-2020 01:07:39.542,0.05,1.6,15.89
LINE1,01-10-2020 01:08:39.543,0.05,1.56,15.97
LINE1,01-10-2020 01:09:39.542,0.05,1.55,15.87
LINE1,01-10-2020 01:10:39.542,0.05,1.56,15.83
LINE1,01-10-2020 01:10:46.665,,1.36,
LINE1,01-10-2020 01:10:51.665,,1.56,
LINE1,01-10-2020 01:11:26.667,,1.28,
LINE1,01-10-2020 01:11:27.668,,1.8,
LINE1,01-10-2020 01:11:29.667,,1.53,
LINE1,01-10-2020 01:11:39.542,0.05,1.55,15.87
LINE1,01-10-2020 01:12:39.541,0.05,1.59,15.82
LINE1,01-10-2020 01:13:39.543,0.05,1.61,15.88
LINE1,01-10-2020 01:13:43.662,,1.4,
LINE1,01-10-2020 01:13:44.662,,1.61,
LINE1,01-10-2020 01:14:39.543,0.05,1.59,15.88
LINE1,01-10-2020 01:15:36.662,,1.31,
LINE1,01-10-2020 01:15:39.543,0.05,1.59,15.83
LINE1,01-10-2020 01:16:05.662,,1.37,
LINE1,01-10-2020 01:16:09.662,,1.62,
LINE1,01-10-2020 01:16:31.662,,1.42,
LINE1,01-10-2020 01:16:37.663,,1.63,
LINE1,01-10-2020 01:16:39.542,0.05,1.47,15.88
LINE1,01-10-2020 01:16:46.662,,1.68,
LINE1,01-10-2020 01:16:58.662,,1.45,
LINE1,01-10-2020 01:16:59.662,,1.68,
LINE1,01-10-2020 01:17:00.662,,1.46,
LINE1,01-10-2020 01:17:39.543,0.05,1.49,15.78
LINE1,01-10-2020 01:18:39.542,0.05,1.52,15.83
LINE1,01-10-2020 01:19:39.542,0.05,1.56,15.77
LINE1,01-10-2020 01:20:39.543,0.05,1.59,15.78
LINE1,01-10-2020 01:20:40.662,,1.36,
LINE1,01-10-2020 01:20:41.662,,1.67,
LINE1,01-10-2020 01:21:06.162,,1.43,
LINE1,01-10-2020 01:21:18.162,,1.64,
LINE1,01-10-2020 01:21:31.162,,1.42,
LINE1,01-10-2020 01:21:32.163,,1.64,
LINE1,01-10-2020 01:21:39.542,0.05,1.62,15.78
LINE1,01-10-2020 01:21:44.662,,1.36,
LINE1,01-10-2020 01:21:47.162,,1.67,
LINE1,01-10-2020 01:21:55.662,,1.46,
LINE1,01-10-2020 01:22:10.162,,1.67,
LINE1,01-10-2020 01:22:13.162,,1.29,
LINE1,01-10-2020 01:22:14.162,,1.71,
LINE1,01-10-2020 01:22:21.162,,1.44,
LINE1,01-10-2020 01:22:24.162,,1.64,
LINE1,01-10-2020 01:22:39.543,0.05,1.5,15.78
LINE1,01-10-2020 01:23:39.543,0.05,1.53,15.78
LINE1,01-10-2020 01:24:39.542,0.05,1.52,15.78
LINE1,01-10-2020 01:25:39.542,0.05,1.55,15.81
LINE1,01-10-2020 01:26:39.541,0.05,1.62,15.83
LINE1,01-10-2020 01:27:28.662,,1.35,
LINE1,01-10-2020 01:27:30.662,,1.58,
LINE1,01-10-2020 01:27:39.542,0.05,1.56,15.66
LINE1,01-10-2020 01:28:01.663,,,15.45
LINE1,01-10-2020 01:28:17.664,,,15.24
LINE1,01-10-2020 01:28:26.662,,1.3,
LINE1,01-10-2020 01:28:27.663,,1.58,
LINE1,01-10-2020 01:28:39.542,0.05,1.48,15.13
LINE1,01-10-2020 01:28:59.663,,,15.34
LINE1,01-10-2020 01:29:03.663,,,15.56
LINE1,01-10-2020 01:29:09.663,,,15.78
LINE1,01-10-2020 01:29:14.163,,,15.99
LINE1,01-10-2020 01:29:19.163,,,16.2
LINE1,01-10-2020 01:29:23.663,,,16.4
LINE1,01-10-2020 01:29:29.663,,,16.63
LINE1,01-10-2020 01:29:35.663,,,16.86
LINE1,01-10-2020 01:29:39.543,0.05,1.39,16.86
LINE1,01-10-2020 01:29:39.662,,1.65,
LINE1,01-10-2020 01:29:52.663,,,17.07
LINE1,01-10-2020 01:30:01.662,,1.41,
LINE1,01-10-2020 01:30:02.662,,1.64,
LINE1,01-10-2020 01:30:13.662,,1.38,
LINE1,01-10-2020 01:30:14.662,,1.64,
LINE1,01-10-2020 01:30:39.543,0.05,1.59,17.17
LINE1,01-10-2020 01:31:11.167,,1.38,
LINE1,01-10-2020 01:31:12.167,,1.61,
LINE1,01-10-2020 01:31:37.668,,1.4,
LINE1,01-10-2020 01:31:39.542,0.05,1.62,17.11
LINE1,01-10-2020 01:31:49.667,,1.41,
LINE1,01-10-2020 01:31:50.662,,1.62,
LINE1,01-10-2020 01:32:39.543,0.05,1.5,17.12
LINE1,01-10-2020 01:33:39.541,0.05,1.48,17.11
LINE1,01-10-2020 01:34:39.543,0.05,1.59,17.07
LINE1,01-10-2020 01:34:53.663,,,17.28
LINE1,01-10-2020 01:35:14.162,,1.36,
LINE1,01-10-2020 01:35:15.162,,1.62,
LINE1,01-10-2020 01:35:28.162,,1.37,
LINE1,01-10-2020 01:35:29.162,,1.68,
LINE1,01-10-2020 01:35:39.542,0.05,1.58,17.16
LINE1,01-10-2020 01:35:53.162,,1.36,
LINE1,01-10-2020 01:35:54.162,,1.68,
LINE1,01-10-2020 01:35:59.162,,1.36,
LINE1,01-10-2020 01:36:00.162,,1.62,
LINE1,01-10-2020 01:36:16.162,,1.41,
LINE1,01-10-2020 01:36:29.162,,1.64,
LINE1,01-10-2020 01:36:39.542,0.05,1.6,17.17
LINE1,01-10-2020 01:36:54.162,,1.4,
LINE1,01-10-2020 01:36:56.162,,1.61,
LINE1,01-10-2020 01:37:03.162,,1.41,
LINE1,01-10-2020 01:37:14.163,,1.62,
LINE1,01-10-2020 01:37:33.165,,1.31,
LINE1,01-10-2020 01:37:34.166,,1.69,
LINE1,01-10-2020 01:37:39.542,0.05,1.56,17.28
LINE1,01-10-2020 01:38:39.543,0.05,1.53,17.39
LINE1,01-10-2020 01:39:39.542,0.05,1.58,17.41
LINE1,01-10-2020 01:39:48.162,,1.34,
LINE1,01-10-2020 01:39:49.162,,1.59,
LINE1,01-10-2020 01:40:00.162,,1.37,
LINE1,01-10-2020 01:40:01.162,,1.61,
LINE1,01-10-2020 01:40:22.162,,1.4,
LINE1,01-10-2020 01:40:28.162,,1.65,
LINE1,01-10-2020 01:40:39.541,0.05,1.46,17.34
LINE1,01-10-2020 01:40:47.663,,1.69,
LINE1,01-10-2020 01:40:53.662,,1.48,
LINE1,01-10-2020 01:41:39.542,0.05,1.62,17.39
LINE1,01-10-2020 01:41:54.662,,1.4,
LINE1,01-10-2020 01:41:59.662,,1.65,
LINE1,01-10-2020 01:42:05.662,,1.45,
LINE1,01-10-2020 01:42:13.662,,1.7,
LINE1,01-10-2020 01:42:28.662,,1.45,
LINE1,01-10-2020 01:42:39.541,0.05,1.6,17.5
LINE1,01-10-2020 01:42:51.662,,1.32,
LINE1,01-10-2020 01:42:52.663,,1.68,
LINE1,01-10-2020 01:43:00.662,,1.39,
LINE1,01-10-2020 01:43:02.662,,1.66,
LINE1,01-10-2020 01:43:05.662,,1.3,
LINE1,01-10-2020 01:43:06.662,,1.61,
LINE1,01-10-2020 01:43:26.662,,1.34,
LINE1,01-10-2020 01:43:28.662,,1.6,
LINE1,01-10-2020 01:43:39.543,0.05,1.47,17.5
LINE1,01-10-2020 01:44:39.542,0.05,1.53,17.51
LINE1,01-10-2020 01:45:39.542,0.05,1.58,17.56
LINE1,01-10-2020 01:46:20.662,,1.37,
LINE1,01-10-2020 01:46:21.162,,1.63,
LINE1,01-10-2020 01:46:39.543,0.05,1.62,17.56
LINE1,01-10-2020 01:46:59.662,,1.42,
LINE1,01-10-2020 01:47:03.662,,1.65,
LINE1,01-10-2020 01:47:14.662,,1.42,
LINE1,01-10-2020 01:47:39.543,0.05,1.52,17.56
LINE1,01-10-2020 01:48:39.543,0.05,1.56,17.61
LINE1,01-10-2020 01:49:39.541,0.05,1.52,17.73
LINE1,01-10-2020 01:50:39.543,0.05,1.55,17.73
LINE1,01-10-2020 01:51:39.541,0.05,1.56,17.74
LINE1,01-10-2020 01:52:39.542,0.05,1.6,17.77
LINE1,01-10-2020 01:53:34.162,,1.39,
LINE1,01-10-2020 01:53:35.162,,1.73,
LINE1,01-10-2020 01:53:39.542,0.05,1.55,17.78
LINE1,01-10-2020 01:54:03.162,,1.28,
LINE1,01-10-2020 01:54:05.162,,1.68,
LINE1,01-10-2020 01:54:28.662,,1.31,
LINE1,01-10-2020 01:54:29.662,,1.6,
LINE1,01-10-2020 01:54:39.542,0.05,1.56,17.78
LINE1,01-10-2020 01:55:30.162,,1.3,
LINE1,01-10-2020 01:55:31.162,,1.52,
LINE1,01-10-2020 01:55:39.542,0.05,1.59,17.9
LINE1,01-10-2020 01:56:31.162,,1.36,
LINE1,01-10-2020 01:56:32.162,,1.69,
LINE1,01-10-2020 01:56:33.162,,1.38,
LINE1,01-10-2020 01:56:34.162,,1.66,
LINE1,01-10-2020 01:56:39.542,0.05,1.58,17.95
LINE1,01-10-2020 01:57:28.165,,1.37,
LINE1,01-10-2020 01:57:29.165,,1.66,
LINE1,01-10-2020 01:57:36.167,,1.36,
LINE1,01-10-2020 01:57:39.543,0.05,1.6,17.95
LINE1,01-10-2020 01:57:40.167,,1.39,
LINE1,01-10-2020 01:57:41.167,,1.6,
LINE1,01-10-2020 01:58:39.542,0.05,1.57,17.95
LINE1,01-10-2020 01:59:39.543,0.05,1.57,18
LINE1,01-10-2020 02:00:39.541,0.05,1.47,18
LINE1,01-10-2020 02:01:34.662,,1.27,
LINE1,01-10-2020 02:01:35.662,,1.7,
LINE1,01-10-2020 02:01:39.543,0.05,1.51,18
LINE1,01-10-2020 02:02:39.541,0.05,1.54,18.16
LINE1,01-10-2020 02:03:39.542,0.05,1.45,18.16
LINE1,01-10-2020 02:03:40.662,,1.66,
LINE1,01-10-2020 02:03:43.162,,1.43,
LINE1,01-10-2020 02:04:28.667,,1.68,
LINE1,01-10-2020 02:04:32.667,,1.46,
LINE1,01-10-2020 02:04:33.667,,1.67,
LINE1,01-10-2020 02:04:36.667,,1.44,
LINE1,01-10-2020 02:04:39.542,0.05,1.59,18.2
LINE1,01-10-2020 02:04:53.667,,1.37,
LINE1,01-10-2020 02:04:54.667,,1.63,
LINE1,01-10-2020 02:05:39.541,0.05,1.6,18.18
LINE1,01-10-2020 02:05:44.156,,,17.95
LINE1,01-10-2020 02:05:52.656,,,17.73
LINE1,01-10-2020 02:06:01.656,,,17.5
LINE1,01-10-2020 02:06:17.155,,1.33,
LINE1,01-10-2020 02:06:19.655,,1.56,
LINE1,01-10-2020 02:06:39.543,0.05,1.52,17.56
LINE1,01-10-2020 02:06:59.157,,,17.76
LINE1,01-10-2020 02:07:37.156,,,17.96
LINE1,01-10-2020 02:07:39.542,0.05,1.52,17.84
LINE1,01-10-2020 02:08:29.156,,,18.05
LINE1,01-10-2020 02:08:39.543,0.05,1.59,18.02
LINE1,01-10-2020 02:09:39.542,0.05,1.53,18
LINE1,01-10-2020 02:10:39.542,0.05,1.52,18.05
LINE1,01-10-2020 02:10:58.160,,,17.82
LINE1,01-10-2020 02:11:39.543,0.05,1.45,17.94
LINE1,01-10-2020 02:11:42.160,,1.65,
LINE1,01-10-2020 02:11:47.160,,1.37,
LINE1,01-10-2020 02:11:49.160,,1.58,
LINE1,01-10-2020 02:12:13.156,,,17.73
LINE1,01-10-2020 02:12:15.155,,1.36,
LINE1,01-10-2020 02:12:16.155,,1.59,
LINE1,01-10-2020 02:12:23.155,,1.39,
LINE1,01-10-2020 02:12:24.155,,1.61,
LINE1,01-10-2020 02:12:25.155,,1.3,
LINE1,01-10-2020 02:12:26.155,,1.65,
LINE1,01-10-2020 02:12:35.155,,1.3,
LINE1,01-10-2020 02:12:36.155,,1.61,
LINE1,01-10-2020 02:12:39.542,0.05,1.34,17.78
LINE1,01-10-2020 02:12:39.547,,1.65,
LINE1,01-10-2020 02:12:49.155,,1.36,
LINE1,01-10-2020 02:12:50.155,,1.63,
LINE1,01-10-2020 02:13:14.156,,,17.56
LINE1,01-10-2020 02:13:29.155,,1.34,
LINE1,01-10-2020 02:13:30.155,,1.71,
LINE1,01-10-2020 02:13:32.155,,1.45,
LINE1,01-10-2020 02:13:39.543,0.05,1.34,17.71
LINE1,01-10-2020 02:13:39.548,,1.59,
LINE1,01-10-2020 02:13:56.656,,,17.5
LINE1,01-10-2020 02:14:04.655,,1.38,
LINE1,01-10-2020 02:14:06.655,,1.59,
LINE1,01-10-2020 02:14:39.542,0.05,1.55,17.5
LINE1,01-10-2020 02:15:32.657,,,17.73
LINE1,01-10-2020 02:15:39.557,0.05,1.55,17.61
LINE1,01-10-2020 02:15:54.655,,1.33,
LINE1,01-10-2020 02:15:55.655,,1.63,
LINE1,01-10-2020 02:16:39.542,0.05,1.51,17.77
LINE1,01-10-2020 02:17:36.660,,,17.51
LINE1,01-10-2020 02:17:39.542,0.05,1.48,17.56
LINE1,01-10-2020 02:18:39.543,0.05,1.59,17.5
LINE1,01-10-2020 02:18:55.656,,,17.73
LINE1,01-10-2020 02:18:56.656,,,17.51
LINE1,01-10-2020 02:19:08.655,,1.34,
LINE1,01-10-2020 02:19:09.655,,1.65,
LINE1,01-10-2020 02:19:19.155,,1.45,
LINE1,01-10-2020 02:19:39.542,0.05,1.51,17.56
LINE1,01-10-2020 02:20:28.155,,1.74,
LINE1,01-10-2020 02:20:31.155,,1.48,
LINE1,01-10-2020 02:20:39.542,0.05,1.48,17.55
LINE1,01-10-2020 02:21:39.542,0.05,1.55,17.51
LINE1,01-10-2020 02:22:39.543,0.05,1.6,17.5
LINE1,01-10-2020 02:23:02.155,,1.36,
LINE1,01-10-2020 02:23:03.155,,1.7,
LINE1,01-10-2020 02:23:11.155,,1.44,
LINE1,01-10-2020 02:23:34.155,,1.66,
LINE1,01-10-2020 02:23:35.155,,1.44,
LINE1,01-10-2020 02:23:39.542,0.05,1.58,17.34
LINE1,01-10-2020 02:24:39.542,0.05,1.54,17.51
LINE1,01-10-2020 02:25:17.161,,,17.28
LINE1,01-10-2020 02:25:39.542,0.05,1.49,17.34
LINE1,01-10-2020 02:26:39.543,0.05,1.58,17.29
LINE1,01-10-2020 02:27:35.155,,1.36,
LINE1,01-10-2020 02:27:36.155,,1.56,
LINE1,01-10-2020 02:27:39.543,0.05,1.43,17.29
LINE1,01-10-2020 02:28:39.542,0.05,1.49,17.3
LINE1,01-10-2020 02:29:39.542,0.05,1.56,17.17
LINE1,01-10-2020 02:30:15.155,,1.31,
LINE1,01-10-2020 02:30:16.155,,1.52,
LINE1,01-10-2020 02:30:39.542,0.05,1.65,17.12
LINE1,01-10-2020 02:30:41.157,,1.42,
LINE1,01-10-2020 02:30:45.158,,1.64,
LINE1,01-10-2020 02:30:48.158,,1.39,
LINE1,01-10-2020 02:30:54.159,,1.64,
LINE1,01-10-2020 02:31:10.160,,1.44,
LINE1,01-10-2020 02:31:11.160,,1.64,
LINE1,01-10-2020 02:31:39.542,0.05,1.43,17.07
LINE1,01-10-2020 02:32:08.655,,1.63,
LINE1,01-10-2020 02:32:39.542,0.05,1.59,17.07
LINE1,01-10-2020 02:32:57.656,,1.35,
LINE1,01-10-2020 02:32:58.655,,1.61,
LINE1,01-10-2020 02:33:39.543,0.05,1.6,17.07
LINE1,01-10-2020 02:34:39.542,0.05,1.58,17.07
LINE1,01-10-2020 02:35:25.655,,1.36,
LINE1,01-10-2020 02:35:26.655,,1.61,
LINE1,01-10-2020 02:35:39.541,0.05,1.53,16.96
LINE1,01-10-2020 02:36:39.543,0.05,1.51,16.95
LINE1,01-10-2020 02:37:39.541,0.05,1.43,16.94
LINE1,01-10-2020 02:37:41.160,,1.7,
LINE1,01-10-2020 02:37:46.160,,1.47,
LINE1,01-10-2020 02:38:39.543,0.05,1.55,16.85
LINE1,01-10-2020 02:39:39.542,0.05,1.59,16.85
LINE1,01-10-2020 02:40:39.543,0.05,1.53,16.85
LINE1,01-10-2020 02:41:39.543,0.05,1.43,16.84
LINE1,01-10-2020 02:41:45.155,,1.64,
LINE1,01-10-2020 02:41:50.155,,1.39,
LINE1,01-10-2020 02:41:55.156,,1.62,
LINE1,01-10-2020 02:42:21.156,,1.39,
LINE1,01-10-2020 02:42:29.155,,1.61,
LINE1,01-10-2020 02:42:39.542,0.05,1.57,16.85
LINE1,01-10-2020 02:43:39.542,0.05,1.54,16.75
LINE1,01-10-2020 02:43:48.155,,1.32,
LINE1,01-10-2020 02:43:49.156,,1.59,
LINE1,01-10-2020 02:44:39.542,0.05,1.53,16.7
LINE1,01-10-2020 02:45:39.542,0.05,1.47,16.74
LINE1,01-10-2020 02:46:39.542,0.05,1.56,16.69
LINE1,01-10-2020 02:46:49.155,,1.32,
LINE1,01-10-2020 02:46:50.155,,1.62,
LINE1,01-10-2020 02:46:59.155,,1.42,
LINE1,01-10-2020 02:47:05.155,,1.66,
LINE1,01-10-2020 02:47:28.155,,1.3,
LINE1,01-10-2020 02:47:29.155,,1.63,
LINE1,01-10-2020 02:47:39.542,0.05,1.52,16.68
LINE1,01-10-2020 02:48:07.155,,1.3,
LINE1,01-10-2020 02:48:08.155,,1.64,
LINE1,01-10-2020 02:48:32.655,,1.43,
LINE1,01-10-2020 02:48:39.542,0.05,1.52,16.63
LINE1,01-10-2020 02:49:39.543,0.05,1.43,16.64
LINE1,01-10-2020 02:49:42.655,,1.64,
LINE1,01-10-2020 02:50:11.655,,1.43,
LINE1,01-10-2020 02:50:17.656,,1.64,
LINE1,01-10-2020 02:50:39.542,0.05,1.55,16.52
LINE1,01-10-2020 02:51:37.661,,1.33,
LINE1,01-10-2020 02:51:39.542,0.05,1.68,16.51
LINE1,01-10-2020 02:51:39.660,,1.46,
LINE1,01-10-2020 02:52:39.542,0.05,1.62,16.52
LINE1,01-10-2020 02:53:35.655,,1.42,
LINE1,01-10-2020 02:53:39.542,0.05,1.39,16.42
LINE1,01-10-2020 02:53:43.155,,1.64,
LINE1,01-10-2020 02:53:44.155,,1.4,
LINE1,01-10-2020 02:53:48.155,,1.61,
LINE1,01-10-2020 02:54:39.543,0.05,1.55,16.4
LINE1,01-10-2020 02:55:29.655,,1.3,
LINE1,01-10-2020 02:55:30.655,,1.65,
LINE1,01-10-2020 02:55:39.542,0.05,1.57,16.42
LINE1,01-10-2020 02:56:39.542,0.05,1.58,16.42
LINE1,01-10-2020 02:57:27.158,,1.38,
LINE1,01-10-2020 02:57:29.158,,1.58,
LINE1,01-10-2020 02:57:39.543,0.05,1.62,16.42
LINE1,01-10-2020 02:58:00.160,,1.39,
LINE1,01-10-2020 02:58:02.160,,1.61,
LINE1,01-10-2020 02:58:21.160,,1.39,
LINE1,01-10-2020 02:58:22.160,,1.6,
LINE1,01-10-2020 02:58:32.155,,1.39,
LINE1,01-10-2020 02:58:33.155,,1.59,
LINE1,01-10-2020 02:58:39.543,0.05,1.56,16.42
LINE1,01-10-2020 02:58:56.155,,1.36,
LINE1,01-10-2020 02:58:58.155,,1.6,
LINE1,01-10-2020 02:58:59.155,,1.4,
LINE1,01-10-2020 02:59:03.155,,1.61,
LINE1,01-10-2020 02:59:21.155,,1.39,
LINE1,01-10-2020 02:59:22.155,,1.65,
LINE1,01-10-2020 02:59:23.155,,1.45,
LINE1,01-10-2020 02:59:39.542,0.05,1.55,16.31
LINE1,01-10-2020 03:00:39.542,0.05,1.55,16.29
LINE1,01-10-2020 03:01:39.543,0.05,1.6,16.29
LINE1,01-10-2020 03:02:06.119,,1.37,
LINE1,01-10-2020 03:02:07.119,,1.7,
LINE1,01-10-2020 03:02:08.119,,1.46,
LINE1,01-10-2020 03:02:11.119,,1.66,
LINE1,01-10-2020 03:02:39.542,0.05,1.55,16.31
LINE1,01-10-2020 03:03:25.619,,1.34,
LINE1,01-10-2020 03:03:26.619,,1.56,
LINE1,01-10-2020 03:03:39.543,0.05,1.57,16.23
LINE1,01-10-2020 03:04:39.543,0.05,1.55,16.2
LINE1,01-10-2020 03:05:10.624,,1.3,
LINE1,01-10-2020 03:05:11.619,,1.64,
LINE1,01-10-2020 03:05:16.619,,1.44,
LINE1,01-10-2020 03:05:17.620,,1.65,
LINE1,01-10-2020 03:05:29.642,,1.36,
LINE1,01-10-2020 03:05:30.642,,1.63,
LINE1,01-10-2020 03:05:39.543,0.05,1.6,16.21
LINE1,01-10-2020 03:05:42.642,,1.32,
LINE1,01-10-2020 03:05:44.142,,1.58,
LINE1,01-10-2020 03:06:39.542,0.05,1.68,16.2
LINE1,01-10-2020 03:06:42.142,,1.48,
LINE1,01-10-2020 03:07:39.542,0.05,1.61,16.19
LINE1,01-10-2020 03:07:40.142,,1.4,
LINE1,01-10-2020 03:07:51.142,,1.6,
LINE1,01-10-2020 03:08:07.142,,1.36,
LINE1,01-10-2020 03:08:08.142,,1.65,
LINE1,01-10-2020 03:08:19.142,,1.43,
LINE1,01-10-2020 03:08:28.142,,1.75,
LINE1,01-10-2020 03:08:29.142,,1.51,
LINE1,01-10-2020 03:08:39.543,0.05,1.54,16.16
LINE1,01-10-2020 03:09:39.541,0.05,1.55,16.09
LINE1,01-10-2020 03:10:05.143,,1.33,
LINE1,01-10-2020 03:10:06.142,,1.6,
LINE1,01-10-2020 03:10:39.543,0.05,1.52,16.08
LINE1,01-10-2020 03:11:39.542,0.05,1.61,16.07
LINE1,01-10-2020 03:12:39.543,0.05,1.69,16
LINE1,01-10-2020 03:12:41.142,,1.48,
LINE1,01-10-2020 03:12:48.142,,1.69,
LINE1,01-10-2020 03:12:53.142,,1.43,
LINE1,01-10-2020 03:13:39.542,0.05,1.51,15.98
LINE1,01-10-2020 03:14:39.541,0.05,1.53,16.02
LINE1,01-10-2020 03:15:13.142,,1.29,
LINE1,01-10-2020 03:15:14.142,,1.53,
LINE1,01-10-2020 03:15:39.542,0.05,1.49,15.98
LINE1,01-10-2020 03:16:39.542,0.05,1.58,15.98
LINE1,01-10-2020 03:17:39.543,0.05,1.5,15.98
LINE1,01-10-2020 03:18:39.541,0.05,1.5,15.98
LINE1,01-10-2020 03:19:39.542,0.05,1.54,15.95
LINE1,01-10-2020 03:20:39.543,0.05,1.58,15.82
LINE1,01-10-2020 03:20:42.142,,1.35,
LINE1,01-10-2020 03:20:43.142,,1.62,
LINE1,01-10-2020 03:20:56.142,,1.4,
LINE1,01-10-2020 03:21:01.142,,1.61,
LINE1,01-10-2020 03:21:23.642,,1.39,
LINE1,01-10-2020 03:21:26.142,,1.63,
LINE1,01-10-2020 03:21:28.142,,1.42,
LINE1,01-10-2020 03:21:32.142,,1.62,
LINE1,01-10-2020 03:21:39.543,0.05,1.52,15.88
LINE1,01-10-2020 03:22:39.543,0.05,1.45,15.83
LINE1,01-10-2020 03:23:11.142,,1.66,
LINE1,01-10-2020 03:23:21.642,,1.46,
LINE1,01-10-2020 03:23:39.542,0.05,1.52,15.88
LINE1,01-10-2020 03:24:39.543,0.05,1.56,15.83
LINE1,01-10-2020 03:25:39.542,0.05,1.39,15.78
LINE1,01-10-2020 03:25:39.547,,1.59,
LINE1,01-10-2020 03:26:39.542,0.05,1.37,15.78
LINE1,01-10-2020 03:26:39.547,,1.63,
LINE1,01-10-2020 03:26:55.142,,1.34,
LINE1,01-10-2020 03:26:56.142,,1.71,
LINE1,01-10-2020 03:26:58.142,,1.37,
LINE1,01-10-2020 03:26:59.142,,1.61,
LINE1,01-10-2020 03:27:19.142,,1.41,
LINE1,01-10-2020 03:27:20.142,,1.65,
LINE1,01-10-2020 03:27:32.142,,1.45,
LINE1,01-10-2020 03:27:39.543,0.05,1.49,15.78
LINE1,01-10-2020 03:28:39.542,0.05,1.62,15.78
LINE1,01-10-2020 03:28:40.142,,1.34,
LINE1,01-10-2020 03:28:41.142,,1.62,
LINE1,01-10-2020 03:28:49.142,,1.36,
LINE1,01-10-2020 03:28:50.142,,1.65,
LINE1,01-10-2020 03:28:58.142,,1.41,
LINE1,01-10-2020 03:28:59.142,,1.65,
LINE1,01-10-2020 03:29:09.142,,1.44,
LINE1,01-10-2020 03:29:39.542,0.05,1.5,15.78
LINE1,01-10-2020 03:30:39.543,0.05,1.46,15.77
LINE1,01-10-2020 03:31:39.542,0.05,1.57,15.78
LINE1,01-10-2020 03:32:39.542,0.05,1.55,15.67
LINE1,01-10-2020 03:32:42.142,,1.34,
LINE1,01-10-2020 03:32:43.142,,1.64,
LINE1,01-10-2020 03:32:57.143,,1.44,
LINE1,01-10-2020 03:33:39.543,0.05,1.56,15.62
LINE1,01-10-2020 03:34:39.541,0.05,1.52,15.61
LINE1,01-10-2020 03:35:39.543,0.05,1.61,15.65
LINE1,01-10-2020 03:35:50.642,,1.36,
LINE1,01-10-2020 03:35:51.642,,1.59,
LINE1,01-10-2020 03:36:39.542,0.05,1.57,15.67
LINE1,01-10-2020 03:37:37.148,,,15.45
LINE1,01-10-2020 03:37:39.542,0.05,1.61,15.45
LINE1,01-10-2020 03:37:44.147,,1.4,
LINE1,01-10-2020 03:37:52.149,,,15.23
LINE1,01-10-2020 03:37:55.147,,1.63,
LINE1,01-10-2020 03:38:00.647,,1.41,
LINE1,01-10-2020 03:38:01.647,,1.7,
LINE1,01-10-2020 03:38:02.648,,1.45,
LINE1,01-10-2020 03:38:09.149,,,15.02
LINE1,01-10-2020 03:38:24.147,,1.65,
LINE1,01-10-2020 03:38:29.147,,1.42,
LINE1,01-10-2020 03:38:34.148,,,14.8
LINE1,01-10-2020 03:38:39.543,0.04,1.57,14.8
LINE1,01-10-2020 03:38:54.142,,1.31,
LINE1,01-10-2020 03:38:55.142,,1.61,
LINE1,01-10-2020 03:39:14.643,,,14.58
LINE1,01-10-2020 03:39:39.542,0.04,1.52,14.58
LINE1,01-10-2020 03:40:27.143,,1.29,
LINE1,01-10-2020 03:40:28.142,,1.58,
LINE1,01-10-2020 03:40:39.543,0.04,1.5,14.53
LINE1,01-10-2020 03:40:48.143,,,14.74
LINE1,01-10-2020 03:40:54.143,,,14.97
LINE1,01-10-2020 03:40:58.143,,,15.18
LINE1,01-10-2020 03:41:03.143,,,15.45
LINE1,01-10-2020 03:41:06.143,,,15.66
LINE1,01-10-2020 03:41:12.144,,,15.97
LINE1,01-10-2020 03:41:16.643,,,16.21
LINE1,01-10-2020 03:41:21.143,,,16.41
LINE1,01-10-2020 03:41:27.145,,,16.63
LINE1,01-10-2020 03:41:37.144,,,16.86
LINE1,01-10-2020 03:41:39.542,0.05,1.62,16.85
LINE1,01-10-2020 03:41:57.143,,1.3,
LINE1,01-10-2020 03:41:58.142,,1.68,
LINE1,01-10-2020 03:41:59.143,,,17.08
LINE1,01-10-2020 03:42:09.142,,1.39,
LINE1,01-10-2020 03:42:10.142,,1.6,
LINE1,01-10-2020 03:42:39.542,0.05,1.46,17.05
LINE1,01-10-2020 03:43:39.542,0.05,1.52,16.94
LINE1,01-10-2020 03:44:39.542,0.05,1.35,16.96
LINE1,01-10-2020 03:44:42.147,,1.55,
LINE1,01-10-2020 03:45:21.142,,1.35,
LINE1,01-10-2020 03:45:22.142,,1.62,
LINE1,01-10-2020 03:45:39.543,0.05,1.6,17.05
LINE1,01-10-2020 03:46:39.541,0.05,1.51,17.07
LINE1,01-10-2020 03:47:06.142,,1.26,
LINE1,01-10-2020 03:47:07.143,,1.66,
LINE1,01-10-2020 03:47:20.142,,1.45,
LINE1,01-10-2020 03:47:39.542,0.05,1.49,17.05
LINE1,01-10-2020 03:48:22.142,,1.75,
LINE1,01-10-2020 03:48:23.142,,1.49,
LINE1,01-10-2020 03:48:39.542,0.05,1.58,17.13
LINE1,01-10-2020 03:49:31.142,,1.37,
LINE1,01-10-2020 03:49:32.143,,1.64,
LINE1,01-10-2020 03:49:39.543,0.05,1.53,17.17
LINE1,01-10-2020 03:50:39.542,0.05,1.54,17.29
LINE1,01-10-2020 03:51:02.647,,1.34,
LINE1,01-10-2020 03:51:03.647,,1.7,
LINE1,01-10-2020 03:51:11.647,,1.42,
LINE1,01-10-2020 03:51:21.647,,1.67,
LINE1,01-10-2020 03:51:39.543,0.05,1.5,17.28
LINE1,01-10-2020 03:52:39.543,0.05,1.54,17.29
LINE1,01-10-2020 03:53:39.541,0.05,1.53,17.35
LINE1,01-10-2020 03:54:39.542,0.05,1.58,17.35
LINE1,01-10-2020 03:54:59.642,,1.36,
LINE1,01-10-2020 03:55:00.642,,1.64,
LINE1,01-10-2020 03:55:26.142,,1.32,
LINE1,01-10-2020 03:55:27.143,,1.81,
LINE1,01-10-2020 03:55:28.142,,1.61,
LINE1,01-10-2020 03:55:39.541,0.05,1.59,17.39
LINE1,01-10-2020 03:56:39.543,0.05,1.47,17.51
LINE1,01-10-2020 03:57:39.542,0.05,1.66,17.4
LINE1,01-10-2020 03:57:43.147,,1.36,
LINE1,01-10-2020 03:57:44.147,,1.6,
LINE1,01-10-2020 03:58:13.148,,1.31,
LINE1,01-10-2020 03:58:15.147,,1.65,
LINE1,01-10-2020 03:58:20.147,,1.44,
LINE1,01-10-2020 03:58:39.542,0.05,1.55,17.5
LINE1,01-10-2020 03:59:39.543,0.05,1.52,17.5
LINE1,01-10-2020 04:00:39.543,0.05,1.5,17.6
LINE1,01-10-2020 04:01:39.543,0.05,1.58,17.56
LINE1,01-10-2020 04:02:00.142,,1.35,
LINE1,01-10-2020 04:02:01.142,,1.65,
LINE1,01-10-2020 04:02:07.143,,1.44,
LINE1,01-10-2020 04:02:39.542,0.05,1.6,17.73
LINE1,01-10-2020 04:02:42.143,,1.37,
LINE1,01-10-2020 04:02:43.142,,1.67,
LINE1,01-10-2020 04:02:50.143,,1.47,
LINE1,01-10-2020 04:03:39.543,0.05,1.58,17.62
LINE1,01-10-2020 04:04:14.145,,1.36,
LINE1,01-10-2020 04:04:15.146,,1.62,
LINE1,01-10-2020 04:04:39.542,0.05,1.57,17.73
LINE1,01-10-2020 04:05:39.542,0.05,1.44,17.76
LINE1,01-10-2020 04:06:39.543,0.05,1.52,17.73
LINE1,01-10-2020 04:07:39.542,0.05,1.56,17.77
LINE1,01-10-2020 04:08:24.134,,1.36,
LINE1,01-10-2020 04:08:25.134,,1.62,
LINE1,01-10-2020 04:08:39.542,0.05,1.45,17.78
LINE1,01-10-2020 04:08:51.634,,1.66,
LINE1,01-10-2020 04:08:55.134,,1.46,
LINE1,01-10-2020 04:09:39.541,0.05,1.6,17.86
LINE1,01-10-2020 04:10:12.134,,1.31,
LINE1,01-10-2020 04:10:13.134,,1.62,
LINE1,01-10-2020 04:10:39.543,0.05,1.52,17.95
LINE1,01-10-2020 04:10:48.137,,1.28,
LINE1,01-10-2020 04:10:49.137,,1.65,
LINE1,01-10-2020 04:11:05.139,,1.37,
LINE1,01-10-2020 04:11:06.139,,1.62,
LINE1,01-10-2020 04:11:39.542,0.05,1.54,17.95
LINE1,01-10-2020 04:12:39.543,0.05,1.49,18
LINE1,01-10-2020 04:13:39.542,0.05,1.66,17.95
LINE1,01-10-2020 04:14:08.134,,1.33,
LINE1,01-10-2020 04:14:09.134,,1.59,
LINE1,01-10-2020 04:14:39.542,0.05,1.51,17.94
LINE1,01-10-2020 04:15:39.542,0.05,1.45,17.94
LINE1,01-10-2020 04:16:35.134,,1.67,
LINE1,01-10-2020 04:16:39.541,0.05,1.58,17.94
LINE1,01-10-2020 04:17:30.137,,1.37,
LINE1,01-10-2020 04:17:31.137,,1.58,
LINE1,01-10-2020 04:17:39.542,0.05,1.6,17.95
LINE1,01-10-2020 04:18:22.139,,1.38,
LINE1,01-10-2020 04:18:25.139,,1.58,
LINE1,01-10-2020 04:18:29.139,,1.35,
LINE1,01-10-2020 04:18:30.139,,1.55,
LINE1,01-10-2020 04:18:39.541,0.05,1.58,17.96
LINE1,01-10-2020 04:19:39.543,0.05,1.49,17.95
LINE1,01-10-2020 04:20:39.541,0.05,1.56,18
LINE1,01-10-2020 04:21:06.134,,1.34,
LINE1,01-10-2020 04:21:07.135,,1.59,
LINE1,01-10-2020 04:21:39.542,0.05,1.55,18.07
LINE1,01-10-2020 04:22:39.542,0.05,1.51,18.04
LINE1,01-10-2020 04:23:39.543,0.05,1.53,18.06
LINE1,01-10-2020 04:24:39.542,0.05,1.62,18.05
LINE1,01-10-2020 04:25:12.139,,1.39,
LINE1,01-10-2020 04:25:20.134,,1.65,
LINE1,01-10-2020 04:25:21.634,,1.35,
LINE1,01-10-2020 04:25:22.634,,1.63,
LINE1,01-10-2020 04:25:29.634,,1.4,
LINE1,01-10-2020 04:25:30.634,,1.61,
LINE1,01-10-2020 04:25:31.634,,1.4,
LINE1,01-10-2020 04:25:39.542,0.05,1.61,18.16
LINE1,01-10-2020 04:26:30.634,,1.36,
LINE1,01-10-2020 04:26:32.134,,1.63,
LINE1,01-10-2020 04:26:39.542,0.05,1.57,18.18
LINE1,01-10-2020 04:26:50.134,,1.36,
LINE1,01-10-2020 04:26:51.134,,1.58,
LINE1,01-10-2020 04:27:31.134,,1.32,
LINE1,01-10-2020 04:27:32.134,,1.59,
LINE1,01-10-2020 04:27:39.541,0.05,1.54,18.16
LINE1,01-10-2020 04:28:36.635,,,17.96
LINE1,01-10-2020 04:28:39.543,0.05,1.6,17.95
LINE1,01-10-2020 04:28:47.136,,,17.73
LINE1,01-10-2020 04:28:50.135,,,17.51
LINE1,01-10-2020 04:28:57.136,,,17.29
LINE1,01-10-2020 04:29:06.135,,,17.07
LINE1,01-10-2020 04:29:23.134,,1.37,
LINE1,01-10-2020 04:29:24.134,,1.67,
LINE1,01-10-2020 04:29:25.134,,1.4,
LINE1,01-10-2020 04:29:27.136,,1.65,
LINE1,01-10-2020 04:29:29.135,,,17.28
LINE1,01-10-2020 04:29:37.134,,1.4,
LINE1,01-10-2020 04:29:39.541,0.05,1.63,17.29
LINE1,01-10-2020 04:29:54.135,,,17.5
LINE1,01-10-2020 04:29:59.134,,1.4,
LINE1,01-10-2020 04:30:00.134,,1.63,
LINE1,01-10-2020 04:30:28.134,,1.3,
LINE1,01-10-2020 04:30:30.135,,1.68,
LINE1,01-10-2020 04:30:39.542,0.05,1.5,17.5
LINE1,01-10-2020 04:31:05.139,,1.71,
LINE1,01-10-2020 04:31:08.139,,1.43,
LINE1,01-10-2020 04:31:18.139,,1.65,
LINE1,01-10-2020 04:31:35.139,,1.42,
LINE1,01-10-2020 04:31:37.140,,1.65,
LINE1,01-10-2020 04:31:39.543,0.05,1.65,17.55
LINE1,01-10-2020 04:31:39.548,,1.44,
LINE1,01-10-2020 04:31:42.139,,1.65,
LINE1,01-10-2020 04:31:57.135,,1.41,
LINE1,01-10-2020 04:31:58.134,,1.65,
LINE1,01-10-2020 04:32:08.134,,1.43,
LINE1,01-10-2020 04:32:27.134,,1.67,
LINE1,01-10-2020 04:32:39.542,0.05,1.63,17.51
LINE1,01-10-2020 04:33:39.543,0.05,1.56,17.51
LINE1,01-10-2020 04:34:39.542,0.05,1.49,17.5
LINE1,01-10-2020 04:35:07.136,,,17.73
LINE1,01-10-2020 04:35:08.135,,,17.51
LINE1,01-10-2020 04:35:16.135,,,17.72
LINE1,01-10-2020 04:35:39.543,0.05,1.49,17.61
LINE1,01-10-2020 04:36:39.542,0.05,1.56,17.73
LINE1,01-10-2020 04:37:08.134,,1.35,
LINE1,01-10-2020 04:37:10.135,,1.62,
LINE1,01-10-2020 04:37:39.543,0.05,1.42,17.7
LINE1,01-10-2020 04:37:48.139,,1.64,
LINE1,01-10-2020 04:37:55.140,,,17.5
LINE1,01-10-2020 04:37:58.141,,,17.73
LINE1,01-10-2020 04:38:05.139,,1.39,
LINE1,01-10-2020 04:38:07.140,,1.6,
LINE1,01-10-2020 04:38:28.139,,1.38,
LINE1,01-10-2020 04:38:29.140,,1.59,
LINE1,01-10-2020 04:38:33.140,,,17.5
LINE1,01-10-2020 04:38:37.141,,,17.73
LINE1,01-10-2020 04:38:39.542,0.05,1.52,17.6
LINE1,01-10-2020 04:39:39.542,0.05,1.62,17.55
LINE1,01-10-2020 04:40:39.543,0.05,1.59,17.55
LINE1,01-10-2020 04:40:44.134,,1.39,
LINE1,01-10-2020 04:40:52.134,,1.69,
LINE1,01-10-2020 04:40:53.134,,1.41,
LINE1,01-10-2020 04:40:56.134,,1.63,
LINE1,01-10-2020 04:41:23.134,,1.41,
LINE1,01-10-2020 04:41:23.634,,1.64,
LINE1,01-10-2020 04:41:39.542,0.05,1.55,17.55
LINE1,01-10-2020 04:42:39.542,0.05,1.6,17.51
LINE1,01-10-2020 04:42:40.134,,1.39,
LINE1,01-10-2020 04:42:42.134,,1.59,
LINE1,01-10-2020 04:43:39.542,0.05,1.44,17.42
LINE1,01-10-2020 04:44:05.636,,1.67,
LINE1,01-10-2020 04:44:09.137,,1.43,
LINE1,01-10-2020 04:44:10.137,,1.65,
LINE1,01-10-2020 04:44:11.637,,1.36,
LINE1,01-10-2020 04:44:12.637,,1.59,
LINE1,01-10-2020 04:44:39.543,0.05,1.51,17.51
LINE1,01-10-2020 04:45:39.542,0.05,1.63,17.39
LINE1,01-10-2020 04:45:39.634,,1.42,
LINE1,01-10-2020 04:45:40.635,,1.65,
LINE1,01-10-2020 04:45:48.134,,1.37,
LINE1,01-10-2020 04:45:51.134,,1.61,
LINE1,01-10-2020 04:46:39.543,0.05,1.56,17.39
LINE1,01-10-2020 04:47:39.543,0.05,1.59,17.29
LINE1,01-10-2020 04:47:52.134,,1.38,
LINE1,01-10-2020 04:47:58.134,,1.6,
LINE1,01-10-2020 04:48:21.134,,1.36,
LINE1,01-10-2020 04:48:22.134,,1.64,
LINE1,01-10-2020 04:48:28.134,,1.44,
LINE1,01-10-2020 04:48:39.542,0.05,1.63,17.29
LINE1,01-10-2020 04:48:39.547,,1.33,
LINE1,01-10-2020 04:48:40.134,,1.55,
LINE1,01-10-2020 04:49:39.543,0.05,1.61,17.28
LINE1,01-10-2020 04:50:22.135,,1.38,
LINE1,01-10-2020 04:50:23.134,,1.6,
LINE1,01-10-2020 04:50:39.542,0.05,1.6,17.29
LINE1,01-10-2020 04:51:10.139,,1.39,
LINE1,01-10-2020 04:51:13.139,,1.62,
LINE1,01-10-2020 04:51:39.542,0.05,1.55,17.27
LINE1,01-10-2020 04:52:39.541,0.05,1.56,17.17
LINE1,01-10-2020 04:53:39.542,0.05,1.52,17.18
LINE1,01-10-2020 04:54:39.542,0.05,1.59,17.26
LINE1,01-10-2020 04:55:05.134,,1.39,
LINE1,01-10-2020 04:55:11.134,,1.6,
LINE1,01-10-2020 04:55:39.542,0.05,1.68,17.29
LINE1,01-10-2020 04:55:44.134,,1.46,
LINE1,01-10-2020 04:56:27.135,,1.67,
LINE1,01-10-2020 04:56:36.134,,1.44,
LINE1,01-10-2020 04:56:39.543,0.05,1.63,17.18
LINE1,01-10-2020 04:57:01.134,,1.42,
LINE1,01-10-2020 04:57:07.135,,1.65,
LINE1,01-10-2020 04:57:09.134,,1.4,
LINE1,01-10-2020 04:57:09.634,,1.62,
LINE1,01-10-2020 04:57:22.137,,1.31,
LINE1,01-10-2020 04:57:23.136,,1.68,
LINE1,01-10-2020 04:57:25.136,,1.46,
LINE1,01-10-2020 04:57:39.542,0.05,1.64,17.12
LINE1,01-10-2020 04:57:43.138,,1.44,
LINE1,01-10-2020 04:57:44.139,,1.66,
LINE1,01-10-2020 04:57:58.639,,1.4,
LINE1,01-10-2020 04:58:16.639,,1.62,
LINE1,01-10-2020 04:58:23.639,,1.37,
LINE1,01-10-2020 04:58:24.639,,1.61,
LINE1,01-10-2020 04:58:39.542,0.05,1.59,17.12
LINE1,01-10-2020 04:59:16.634,,1.37,
LINE1,01-10-2020 04:59:17.634,,1.68,
LINE1,01-10-2020 04:59:25.634,,1.36,
LINE1,01-10-2020 04:59:26.634,,1.65,
LINE1,01-10-2020 04:59:39.542,0.05,1.53,17.13
LINE1,01-10-2020 05:00:39.543,0.05,1.58,17.08
LINE1,01-10-2020 05:01:39.543,0.05,1.53,17.08
LINE1,01-10-2020 05:02:39.543,0.05,1.5,17
LINE1,01-10-2020 05:02:50.634,,1.72,
LINE1,01-10-2020 05:02:52.135,,1.46,
LINE1,01-10-2020 05:02:56.134,,1.71,
LINE1,01-10-2020 05:02:58.134,,1.49,
LINE1,01-10-2020 05:03:11.134,,1.73,
LINE1,01-10-2020 05:03:12.134,,1.27,
LINE1,01-10-2020 05:03:13.134,,1.65,
LINE1,01-10-2020 05:03:17.135,,1.44,
LINE1,01-10-2020 05:03:19.134,,1.65,
LINE1,01-10-2020 05:03:26.134,,1.43,
LINE1,01-10-2020 05:03:34.134,,1.68,
LINE1,01-10-2020 05:03:39.543,0.05,1.5,16.95
LINE1,01-10-2020 05:04:39.541,0.05,1.57,16.94
LINE1,01-10-2020 05:05:39.542,0.05,1.45,16.89
LINE1,01-10-2020 05:06:39.541,0.05,1.55,16.9
LINE1,01-10-2020 05:07:39.542,0.05,1.59,16.9
LINE1,01-10-2020 05:08:16.128,,1.39,
LINE1,01-10-2020 05:08:28.128,,1.63,
LINE1,01-10-2020 05:08:39.541,0.05,1.45,16.85
LINE1,01-10-2020 05:09:39.542,0.05,1.55,16.85
LINE1,01-10-2020 05:10:39.543,0.05,1.54,16.85
LINE1,01-10-2020 05:11:39.542,0.04,1.51,16.69
LINE1,01-10-2020 05:12:39.543,0.04,1.58,16.7
LINE1,01-10-2020 05:13:08.128,,1.37,
LINE1,01-10-2020 05:13:08.628,,1.64,
LINE1,01-10-2020 05:13:36.628,,1.38,
LINE1,01-10-2020 05:13:39.541,0.04,1.62,16.72
LINE1,01-10-2020 05:13:46.628,,1.39,
LINE1,01-10-2020 05:13:47.628,,1.59,
LINE1,01-10-2020 05:14:01.128,,1.39,
LINE1,01-10-2020 05:14:06.628,,1.62,
LINE1,01-10-2020 05:14:39.542,0.04,1.58,16.74
LINE1,01-10-2020 05:15:26.128,,1.37,
LINE1,01-10-2020 05:15:27.129,,1.61,
LINE1,01-10-2020 05:15:33.128,,1.33,
LINE1,01-10-2020 05:15:35.128,,1.56,
LINE1,01-10-2020 05:15:39.542,0.05,1.51,16.64
LINE1,01-10-2020 05:16:39.542,0.05,1.52,16.68
LINE1,01-10-2020 05:16:43.128,,1.73,
LINE1,01-10-2020 05:16:44.128,,1.52,
LINE1,01-10-2020 05:17:39.543,0.05,1.59,16.67
LINE1,01-10-2020 05:18:01.133,,1.37,
LINE1,01-10-2020 05:18:02.134,,1.58,
LINE1,01-10-2020 05:18:39.543,0.04,1.58,16.69
LINE1,01-10-2020 05:19:00.128,,1.37,
LINE1,01-10-2020 05:19:02.128,,1.6,
LINE1,01-10-2020 05:19:04.128,,1.32,
LINE1,01-10-2020 05:19:06.128,,1.66,
LINE1,01-10-2020 05:19:07.129,,1.4,
LINE1,01-10-2020 05:19:09.128,,1.63,
LINE1,01-10-2020 05:19:34.128,,1.39,
LINE1,01-10-2020 05:19:35.128,,1.67,
LINE1,01-10-2020 05:19:39.543,0.04,1.52,16.58
LINE1,01-10-2020 05:20:39.541,0.04,1.56,16.63
LINE1,01-10-2020 05:21:29.128,,1.36,
LINE1,01-10-2020 05:21:30.128,,1.58,
LINE1,01-10-2020 05:21:39.543,0.05,1.42,16.52
LINE1,01-10-2020 05:21:39.548,,1.67,
LINE1,01-10-2020 05:21:47.129,,1.45,
LINE1,01-10-2020 05:22:00.128,,1.67,
LINE1,01-10-2020 05:22:18.128,,1.43,
LINE1,01-10-2020 05:22:39.541,0.05,1.55,16.52
LINE1,01-10-2020 05:23:29.128,,1.33,
LINE1,01-10-2020 05:23:30.128,,1.58,
LINE1,01-10-2020 05:23:39.542,0.05,1.62,16.48
LINE1,01-10-2020 05:23:42.129,,1.31,
LINE1,01-10-2020 05:23:44.128,,1.58,
LINE1,01-10-2020 05:24:39.542,0.05,1.66,16.45
LINE1,01-10-2020 05:25:15.128,,1.39,
LINE1,01-10-2020 05:25:19.628,,1.64,
LINE1,01-10-2020 05:25:21.128,,1.42,
LINE1,01-10-2020 05:25:39.542,0.05,1.56,16.46
LINE1,01-10-2020 05:26:23.628,,1.36,
LINE1,01-10-2020 05:26:24.628,,1.56,
LINE1,01-10-2020 05:26:39.543,0.05,1.45,16.41
LINE1,01-10-2020 05:27:39.541,0.05,1.54,16.47
LINE1,01-10-2020 05:28:12.628,,1.32,
LINE1,01-10-2020 05:28:13.628,,1.55,
LINE1,01-10-2020 05:28:16.128,,1.32,
LINE1,01-10-2020 05:28:17.129,,1.62,
LINE1,01-10-2020 05:28:39.542,0.05,1.43,16.29
LINE1,01-10-2020 05:28:39.628,,1.63,
LINE1,01-10-2020 05:29:16.628,,1.43,
LINE1,01-10-2020 05:29:39.542,0.05,1.63,16.37
LINE1,01-10-2020 05:29:48.628,,1.34,
LINE1,01-10-2020 05:29:50.628,,1.6,
LINE1,01-10-2020 05:30:39.542,0.04,1.29,16.41
LINE1,01-10-2020 05:30:39.547,,1.62,
LINE1,01-10-2020 05:30:56.632,,1.41,
LINE1,01-10-2020 05:30:57.632,,1.63,
LINE1,01-10-2020 05:31:02.633,,1.41,
LINE1,01-10-2020 05:31:22.133,,1.62,
LINE1,01-10-2020 05:31:28.133,,1.25,
LINE1,01-10-2020 05:31:29.133,,1.6,
LINE1,01-10-2020 05:31:39.541,0.04,1.61,16.32
LINE1,01-10-2020 05:31:48.133,,1.4,
LINE1,01-10-2020 05:31:49.133,,1.61,
LINE1,01-10-2020 05:31:51.133,,1.28,
LINE1,01-10-2020 05:31:52.133,,1.55,
LINE1,01-10-2020 05:32:05.128,,1.3,
LINE1,01-10-2020 05:32:06.128,,1.64,
LINE1,01-10-2020 05:32:39.542,0.04,1.56,16.31
LINE1,01-10-2020 05:32:39.547,,1.32,
LINE1,01-10-2020 05:32:40.128,,1.55,
LINE1,01-10-2020 05:33:39.542,0.04,1.53,16.31
LINE1,01-10-2020 05:34:39.543,0.04,1.6,16.25
LINE1,01-10-2020 05:35:39.543,0.04,1.66,16.24
LINE1,01-10-2020 05:36:00.128,,1.4,
LINE1,01-10-2020 05:36:03.128,,1.63,
LINE1,01-10-2020 05:36:24.128,,1.39,
LINE1,01-10-2020 05:36:39.542,0.04,1.58,16.2
LINE1,01-10-2020 05:37:26.130,,1.32,
LINE1,01-10-2020 05:37:27.131,,1.6,
LINE1,01-10-2020 05:37:39.542,0.04,1.53,16.24
LINE1,01-10-2020 05:38:39.541,0.04,1.47,16.21
LINE1,01-10-2020 05:38:39.546,,1.69,
LINE1,01-10-2020 05:38:50.128,,1.36,
LINE1,01-10-2020 05:38:51.128,,1.59,
LINE1,01-10-2020 05:39:29.128,,1.34,
LINE1,01-10-2020 05:39:30.128,,1.59,
LINE1,01-10-2020 05:39:39.543,0.04,1.55,16.21
LINE1,01-10-2020 05:40:01.128,,1.34,
LINE1,01-10-2020 05:40:03.629,,1.56,
LINE1,01-10-2020 05:40:39.543,0.04,1.57,16.2
LINE1,01-10-2020 05:41:27.129,,1.37,
LINE1,01-10-2020 05:41:29.128,,1.61,
LINE1,01-10-2020 05:41:39.542,0.04,1.55,16.05
LINE1,01-10-2020 05:41:52.128,,1.32,
LINE1,01-10-2020 05:41:53.128,,1.62,
LINE1,01-10-2020 05:42:21.628,,1.32,
LINE1,01-10-2020 05:42:22.628,,1.57,
LINE1,01-10-2020 05:42:39.543,0.04,1.58,16.04
LINE1,01-10-2020 05:42:39.548,,1.35,
LINE1,01-10-2020 05:42:43.128,,1.56,
LINE1,01-10-2020 05:43:39.541,0.04,1.57,16.09
LINE1,01-10-2020 05:43:58.130,,1.34,
LINE1,01-10-2020 05:43:59.130,,1.58,
LINE1,01-10-2020 05:44:39.542,0.04,1.43,16.03
LINE1,01-10-2020 05:44:43.133,,1.66,
LINE1,01-10-2020 05:45:00.633,,1.43,
LINE1,01-10-2020 05:45:02.633,,1.64,
LINE1,01-10-2020 05:45:07.633,,1.41,
LINE1,01-10-2020 05:45:09.634,,1.64,
LINE1,01-10-2020 05:45:18.628,,1.36,
LINE1,01-10-2020 05:45:19.628,,1.62,
LINE1,01-10-2020 05:45:39.541,0.04,1.59,16.02
LINE1,01-10-2020 05:46:07.628,,1.38,
LINE1,01-10-2020 05:46:11.628,,1.59,
LINE1,01-10-2020 05:46:39.543,0.04,1.56,15.99
LINE1,01-10-2020 05:47:18.628,,1.34,
LINE1,01-10-2020 05:47:19.628,,1.55,
LINE1,01-10-2020 05:47:39.542,0.04,1.52,15.97
LINE1,01-10-2020 05:48:39.543,0.04,1.64,15.98
LINE1,01-10-2020 05:49:04.128,,1.37,
LINE1,01-10-2020 05:49:09.128,,1.58,
LINE1,01-10-2020 05:49:39.542,0.04,1.56,15.98
LINE1,01-10-2020 05:50:39.541,0.04,1.53,15.98
LINE1,01-10-2020 05:51:01.133,,1.29,
LINE1,01-10-2020 05:51:02.133,,1.62,
LINE1,01-10-2020 05:51:36.133,,1.39,
LINE1,01-10-2020 05:51:37.135,,1.74,
LINE1,01-10-2020 05:51:39.542,0.04,1.61,15.89
LINE1,01-10-2020 05:52:03.128,,1.4,
LINE1,01-10-2020 05:52:09.128,,1.61,
LINE1,01-10-2020 05:52:30.128,,1.4,
LINE1,01-10-2020 05:52:32.128,,1.6,
LINE1,01-10-2020 05:52:37.129,,1.36,
LINE1,01-10-2020 05:52:39.541,0.04,1.45,15.83
LINE1,01-10-2020 05:52:47.129,,1.68,
LINE1,01-10-2020 05:52:49.128,,1.42,
LINE1,01-10-2020 05:52:50.128,,1.67,
LINE1,01-10-2020 05:52:56.128,,1.47,
LINE1,01-10-2020 05:53:39.543,0.04,1.65,15.88
LINE1,01-10-2020 05:54:22.128,,1.41,
LINE1,01-10-2020 05:54:27.129,,1.67,
LINE1,01-10-2020 05:54:36.128,,1.45,
LINE1,01-10-2020 05:54:39.542,0.04,1.32,15.87
LINE1,01-10-2020 05:54:39.547,,1.6,
LINE1,01-10-2020 05:54:52.628,,1.31,
LINE1,01-10-2020 05:54:53.628,,1.77,
LINE1,01-10-2020 05:54:55.128,,1.41,
LINE1,01-10-2020 05:55:02.128,,1.65,
LINE1,01-10-2020 05:55:10.628,,1.44,
LINE1,01-10-2020 05:55:39.542,0.04,1.62,15.83
LINE1,01-10-2020 05:56:17.628,,1.41,
LINE1,01-10-2020 05:56:27.128,,1.62,
LINE1,01-10-2020 05:56:28.128,,1.41,
LINE1,01-10-2020 05:56:29.128,,1.66,
LINE1,01-10-2020 05:56:30.628,,1.38,
LINE1,01-10-2020 05:56:31.628,,1.64,
LINE1,01-10-2020 05:56:33.128,,1.43,
LINE1,01-10-2020 05:56:39.543,0.04,1.5,15.83
LINE1,01-10-2020 05:57:32.131,,1.29,
LINE1,01-10-2020 05:57:33.131,,1.69,
LINE1,01-10-2020 05:57:34.632,,1.48,
LINE1,01-10-2020 05:57:39.543,0.04,1.45,15.8
LINE1,01-10-2020 05:57:51.133,,1.75,
LINE1,01-10-2020 05:57:53.633,,1.53,
LINE1,01-10-2020 05:58:39.543,0.04,1.62,15.77
LINE1,01-10-2020 05:58:55.628,,1.37,
LINE1,01-10-2020 05:58:56.628,,1.65,
LINE1,01-10-2020 05:59:24.628,,1.39,
LINE1,01-10-2020 05:59:28.628,,1.63,
LINE1,01-10-2020 05:59:39.541,0.04,1.58,15.79
LINE1,01-10-2020 06:00:39.542,0.04,1.53,15.78
LINE1,01-10-2020 06:00:59.628,,1.33,
LINE1,01-10-2020 06:01:00.628,,1.54,
LINE1,01-10-2020 06:01:39.542,0.04,1.69,15.78
LINE1,01-10-2020 06:01:39.547,,1.46,
LINE1,01-10-2020 06:02:39.543,0.04,1.54,15.78
LINE1,01-10-2020 06:03:39.542,0.04,1.51,15.68
LINE1,01-10-2020 06:04:34.633,,1.29,
LINE1,01-10-2020 06:04:35.633,,1.56,
LINE1,01-10-2020 06:04:39.543,0.04,1.62,15.78
LINE1,01-10-2020 06:05:35.620,,1.34,
LINE1,01-10-2020 06:05:36.620,,1.64,
LINE1,01-10-2020 06:05:39.542,0.04,1.51,15.77
LINE1,01-10-2020 06:06:39.542,0.04,1.62,15.67
LINE1,01-10-2020 06:06:44.620,,1.34,
LINE1,01-10-2020 06:06:45.621,,1.6,
LINE1,01-10-2020 06:07:09.120,,1.33,
LINE1,01-10-2020 06:07:12.120,,1.57,
LINE1,01-10-2020 06:07:34.620,,1.36,
LINE1,01-10-2020 06:07:35.620,,1.66,
LINE1,01-10-2020 06:07:39.543,0.04,1.63,15.67
LINE1,01-10-2020 06:08:00.120,,1.39,
LINE1,01-10-2020 06:08:02.120,,1.63,
LINE1,01-10-2020 06:08:13.120,,1.3,
LINE1,01-10-2020 06:08:13.121,,,15.45
LINE1,01-10-2020 06:08:13.620,,1.69,
LINE1,01-10-2020 06:08:16.620,,1.49,
LINE1,01-10-2020 06:08:23.620,,1.69,
LINE1,01-10-2020 06:08:24.620,,1.45,
LINE1,01-10-2020 06:08:28.621,,,15.24
LINE1,01-10-2020 06:08:32.620,,1.74,
LINE1,01-10-2020 06:08:33.620,,1.53,
LINE1,01-10-2020 06:08:39.541,0.04,1.56,15.12
LINE1,01-10-2020 06:09:05.621,,,14.9
LINE1,01-10-2020 06:09:39.543,0.04,1.56,14.86
LINE1,01-10-2020 06:10:39.542,0.04,1.59,14.69
LINE1,01-10-2020 06:10:44.622,,1.36,
LINE1,01-10-2020 06:10:45.622,,1.65,
LINE1,01-10-2020 06:10:54.624,,1.38,
LINE1,01-10-2020 06:10:57.624,,1.63,
LINE1,01-10-2020 06:11:24.625,,1.41,
LINE1,01-10-2020 06:11:39.542,0.04,1.53,14.58
LINE1,01-10-2020 06:12:17.621,,,14.8
LINE1,01-10-2020 06:12:24.621,,,15.02
LINE1,01-10-2020 06:12:29.621,,,15.35
LINE1,01-10-2020 06:12:34.621,,,15.56
LINE1,01-10-2020 06:12:39.543,0.04,1.58,15.67
LINE1,01-10-2020 06:12:40.621,,,15.88
LINE1,01-10-2020 06:12:46.621,,,16.19
LINE1,01-10-2020 06:12:52.621,,,16.42
LINE1,01-10-2020 06:12:57.622,,,16.63
LINE1,01-10-2020 06:13:06.621,,,16.84
LINE1,01-10-2020 06:13:24.621,,,17.07
LINE1,01-10-2020 06:13:39.542,0.05,1.57,17.06
LINE1,01-10-2020 06:13:48.620,,1.33,
LINE1,01-10-2020 06:13:49.620,,1.65,
LINE1,01-10-2020 06:14:30.620,,1.44,
LINE1,01-10-2020 06:14:39.543,0.05,1.38,17.03
LINE1,01-10-2020 06:14:39.548,,1.68,
LINE1,01-10-2020 06:14:44.620,,1.48,
LINE1,01-10-2020 06:15:39.541,0.05,1.58,17.07
LINE1,01-10-2020 06:16:39.543,0.05,1.51,16.95
LINE1,01-10-2020 06:17:39.541,0.05,1.56,16.95
LINE1,01-10-2020 06:18:39.542,0.05,1.57,17.07
LINE1,01-10-2020 06:19:25.120,,1.36,
LINE1,01-10-2020 06:19:27.121,,1.57,
LINE1,01-10-2020 06:19:39.543,0.05,1.53,17.07
LINE1,01-10-2020 06:20:39.543,0.05,1.57,17.12
LINE1,01-10-2020 06:21:39.542,0.05,1.55,17.28
LINE1,01-10-2020 06:22:39.542,0.05,1.5,17.18
LINE1,01-10-2020 06:23:19.620,,1.75,
LINE1,01-10-2020 06:23:20.620,,1.54,
LINE1,01-10-2020 06:23:39.542,0.05,1.67,17.17
LINE1,01-10-2020 06:23:53.121,,1.44,
LINE1,01-10-2020 06:23:55.121,,1.67,
LINE1,01-10-2020 06:24:02.622,,1.47,
LINE1,01-10-2020 06:24:39.542,0.05,1.68,17.3
LINE1,01-10-2020 06:24:42.125,,1.47,
LINE1,01-10-2020 06:24:50.125,,1.69,
LINE1,01-10-2020 06:24:57.127,,1.41,
LINE1,01-10-2020 06:24:58.625,,1.66,
LINE1,01-10-2020 06:25:04.625,,1.43,
LINE1,01-10-2020 06:25:39.542,0.05,1.57,17.27
LINE1,01-10-2020 06:26:20.620,,1.34,
LINE1,01-10-2020 06:26:21.620,,1.59,
LINE1,01-10-2020 06:26:39.542,0.05,1.58,17.28
LINE1,01-10-2020 06:26:51.120,,1.36,
LINE1,01-10-2020 06:26:55.120,,1.56,
LINE1,01-10-2020 06:26:57.620,,1.27,
LINE1,01-10-2020 06:26:58.620,,1.62,
LINE1,01-10-2020 06:27:01.120,,1.34,
LINE1,01-10-2020 06:27:02.620,,1.75,
LINE1,01-10-2020 06:27:05.620,,1.53,
LINE1,01-10-2020 06:27:39.543,0.05,1.6,17.37
LINE1,01-10-2020 06:27:59.620,,1.35,
LINE1,01-10-2020 06:28:00.620,,1.71,
LINE1,01-10-2020 06:28:04.620,,1.49,
LINE1,01-10-2020 06:28:39.543,0.05,1.6,17.4
LINE1,01-10-2020 06:28:46.620,,1.29,
LINE1,01-10-2020 06:28:47.620,,1.65,
LINE1,01-10-2020 06:28:53.620,,1.38,
LINE1,01-10-2020 06:28:54.620,,1.59,
LINE1,01-10-2020 06:29:10.620,,1.32,
LINE1,01-10-2020 06:29:12.620,,1.62,
LINE1,01-10-2020 06:29:39.542,0.05,1.56,17.51
LINE1,01-10-2020 06:30:29.620,,1.33,
LINE1,01-10-2020 06:30:30.620,,1.65,
LINE1,01-10-2020 06:30:39.542,0.05,1.53,17.57
LINE1,01-10-2020 06:31:39.542,0.05,1.59,17.51
LINE1,01-10-2020 06:32:29.620,,1.36,
LINE1,01-10-2020 06:32:30.620,,1.62,
LINE1,01-10-2020 06:32:39.543,0.05,1.52,17.55
LINE1,01-10-2020 06:33:39.541,0.05,1.58,17.56
LINE1,01-10-2020 06:34:04.620,,1.36,
LINE1,01-10-2020 06:34:06.120,,1.66,
LINE1,01-10-2020 06:34:11.620,,1.39,
LINE1,01-10-2020 06:34:13.120,,1.61,
LINE1,01-10-2020 06:34:39.542,0.05,1.52,17.58
LINE1,01-10-2020 06:35:39.542,0.05,1.57,17.61
LINE1,01-10-2020 06:36:29.120,,1.34,
LINE1,01-10-2020 06:36:30.120,,1.59,
LINE1,01-10-2020 06:36:39.542,0.05,1.53,17.55
LINE1,01-10-2020 06:37:03.121,,,17.78
LINE1,01-10-2020 06:37:39.542,0.05,1.47,17.77
LINE1,01-10-2020 06:38:02.125,,1.68,
LINE1,01-10-2020 06:38:04.125,,1.42,
LINE1,01-10-2020 06:38:18.625,,1.67,
LINE1,01-10-2020 06:38:27.625,,1.33,
LINE1,01-10-2020 06:38:28.625,,1.61,
LINE1,01-10-2020 06:38:36.120,,1.41,
LINE1,01-10-2020 06:38:39.542,0.05,1.62,17.73
LINE1,01-10-2020 06:39:11.620,,1.37,
LINE1,01-10-2020 06:39:12.620,,1.59,
LINE1,01-10-2020 06:39:39.542,0.05,1.52,17.77
LINE1,01-10-2020 06:39:49.120,,1.78,
LINE1,01-10-2020 06:39:51.120,,1.55,
LINE1,01-10-2020 06:40:33.620,,1.33,
LINE1,01-10-2020 06:40:34.620,,1.56,
LINE1,01-10-2020 06:40:39.541,0.05,1.57,17.79
LINE1,01-10-2020 06:41:39.542,0.05,1.54,17.84
LINE1,01-10-2020 06:42:39.541,0.05,1.55,17.82
LINE1,01-10-2020 06:43:39.543,0.05,1.6,17.84
LINE1,01-10-2020 06:44:39.543,0.05,1.44,17.95
LINE1,01-10-2020 06:45:10.625,,1.67,
LINE1,01-10-2020 06:45:13.620,,1.38,
LINE1,01-10-2020 06:45:24.620,,1.61,
LINE1,01-10-2020 06:45:39.541,0.05,1.61,18
LINE1,01-10-2020 06:45:53.620,,1.33,
LINE1,01-10-2020 06:45:54.620,,1.68,
LINE1,01-10-2020 06:46:09.620,,1.42,
LINE1,01-10-2020 06:46:22.620,,1.63,
LINE1,01-10-2020 06:46:28.620,,1.42,
LINE1,01-10-2020 06:46:39.542,0.05,1.63,18.05
LINE1,01-10-2020 06:46:45.620,,1.4,
LINE1,01-10-2020 06:46:46.620,,1.66,
LINE1,01-10-2020 06:47:07.620,,1.44,
LINE1,01-10-2020 06:47:39.541,0.05,1.57,18.04
LINE1,01-10-2020 06:48:09.620,,1.27,
LINE1,01-10-2020 06:48:10.620,,1.55,
LINE1,01-10-2020 06:48:39.542,0.05,1.5,18
LINE1,01-10-2020 06:49:18.620,,1.7,
LINE1,01-10-2020 06:49:19.620,,1.47,
LINE1,01-10-2020 06:49:24.620,,1.68,
LINE1,01-10-2020 06:49:33.620,,1.45,
LINE1,01-10-2020 06:49:39.541,0.05,1.58,18.21
LINE1,01-10-2020 06:49:40.620,,1.3,
LINE1,01-10-2020 06:49:41.620,,1.68,
LINE1,01-10-2020 06:49:44.620,,1.33,
LINE1,01-10-2020 06:49:45.620,,1.64,
LINE1,01-10-2020 06:50:26.620,,1.41,
LINE1,01-10-2020 06:50:39.543,0.05,1.56,18.16
LINE1,01-10-2020 06:51:05.125,,1.3,
LINE1,01-10-2020 06:51:07.125,,1.68,
LINE1,01-10-2020 06:51:09.125,,1.29,
LINE1,01-10-2020 06:51:10.126,,1.67,
LINE1,01-10-2020 06:51:39.542,0.05,1.52,18.16
LINE1,01-10-2020 06:51:52.127,,,17.94
LINE1,01-10-2020 06:51:54.126,,,17.72
LINE1,01-10-2020 06:52:00.626,,,17.51
LINE1,01-10-2020 06:52:08.622,,,17.29
LINE1,01-10-2020 06:52:39.542,0.05,1.52,17.3
LINE1,01-10-2020 06:52:49.621,,,17.51
LINE1,01-10-2020 06:53:04.620,,1.31,
LINE1,01-10-2020 06:53:07.621,,,17.72
LINE1,01-10-2020 06:53:08.120,,1.65,
LINE1,01-10-2020 06:53:18.621,,1.44,
LINE1,01-10-2020 06:53:39.543,0.05,1.5,17.83
LINE1,01-10-2020 06:54:39.542,0.05,1.6,18.05
LINE1,01-10-2020 06:54:56.620,,1.39,
LINE1,01-10-2020 06:54:59.120,,1.64,
LINE1,01-10-2020 06:55:02.120,,1.42,
LINE1,01-10-2020 06:55:04.620,,1.66,
LINE1,01-10-2020 06:55:07.121,,1.45,
LINE1,01-10-2020 06:55:32.120,,1.66,
LINE1,01-10-2020 06:55:39.543,0.05,1.56,18.17
LINE1,01-10-2020 06:56:39.542,0.05,1.58,18.16
LINE1,01-10-2020 06:56:57.620,,1.3,
LINE1,01-10-2020 06:56:58.620,,1.61,
LINE1,01-10-2020 06:57:13.621,,1.27,
LINE1,01-10-2020 06:57:14.621,,1.63,
LINE1,01-10-2020 06:57:25.623,,1.41,
LINE1,01-10-2020 06:57:27.623,,1.63,
LINE1,01-10-2020 06:57:39.543,0.05,1.56,18.21
LINE1,01-10-2020 06:58:39.543,0.05,1.49,18.16
LINE1,01-10-2020 06:59:39.542,0.05,1.52,18.05
LINE1,01-10-2020 07:00:39.574,0.05,1.53,18
LINE1,01-10-2020 07:01:39.541,0.05,1.57,17.94
LINE1,01-10-2020 07:02:39.542,0.05,1.49,17.83
LINE1,01-10-2020 07:03:39.541,0.05,1.64,17.95
LINE1,01-10-2020 07:03:39.621,,,17.71
LINE1,01-10-2020 07:03:46.621,,,17.94
LINE1,01-10-2020 07:04:01.622,,1.38,
LINE1,01-10-2020 07:04:02.623,,,17.71
LINE1,01-10-2020 07:04:06.623,,1.58,
LINE1,01-10-2020 07:04:32.625,,1.36,
LINE1,01-10-2020 07:04:39.543,0.05,1.55,17.77
LINE1,01-10-2020 07:05:16.620,,1.34,
LINE1,01-10-2020 07:05:17.626,,1.61,
LINE1,01-10-2020 07:05:39.541,0.05,1.6,17.78
LINE1,01-10-2020 07:06:26.613,,1.33,
LINE1,01-10-2020 07:06:27.613,,1.56,
LINE1,01-10-2020 07:06:39.543,0.05,1.39,17.74
LINE1,01-10-2020 07:06:39.548,,1.62,
LINE1,01-10-2020 07:07:01.113,,1.4,
LINE1,01-10-2020 07:07:02.113,,1.6,
LINE1,01-10-2020 07:07:39.542,0.05,1.6,17.72
LINE1,01-10-2020 07:08:39.541,0.05,1.5,17.73
LINE1,01-10-2020 07:09:39.542,0.05,1.37,17.51
LINE1,01-10-2020 07:09:39.613,,1.59,
LINE1,01-10-2020 07:09:45.614,,,17.73
LINE1,01-10-2020 07:10:06.614,,,17.51
LINE1,01-10-2020 07:10:13.614,,,17.72
LINE1,01-10-2020 07:10:14.614,,,17.5
LINE1,01-10-2020 07:10:22.614,,,17.73
LINE1,01-10-2020 07:10:35.615,,,17.5
LINE1,01-10-2020 07:10:39.541,0.05,1.5,17.61
LINE1,01-10-2020 07:11:12.618,,1.26,
LINE1,01-10-2020 07:11:13.618,,1.67,
LINE1,01-10-2020 07:11:39.543,0.05,1.55,17.56
LINE1,01-10-2020 07:11:51.618,,1.27,
LINE1,01-10-2020 07:11:52.618,,1.57,
LINE1,01-10-2020 07:11:55.613,,1.35,
LINE1,01-10-2020 07:11:56.613,,1.74,
LINE1,01-10-2020 07:11:58.613,,1.47,
LINE1,01-10-2020 07:12:39.541,0.05,1.59,17.5
LINE1,01-10-2020 07:13:39.542,0.05,1.52,17.39
LINE1,01-10-2020 07:14:39.542,0.05,1.63,17.39
LINE1,01-10-2020 07:14:41.613,,1.43,
LINE1,01-10-2020 07:14:47.613,,1.68,
LINE1,01-10-2020 07:14:52.614,,1.45,
LINE1,01-10-2020 07:15:39.542,0.05,1.58,17.51
LINE1,01-10-2020 07:16:12.614,,,17.29
LINE1,01-10-2020 07:16:39.543,0.05,1.58,17.28
LINE1,01-10-2020 07:16:53.613,,1.35,
LINE1,01-10-2020 07:16:54.613,,1.7,
LINE1,01-10-2020 07:16:58.613,,1.31,
LINE1,01-10-2020 07:16:59.113,,1.53,
LINE1,01-10-2020 07:17:35.617,,1.33,
LINE1,01-10-2020 07:17:36.617,,1.53,
LINE1,01-10-2020 07:17:39.542,0.05,1.54,17.33
LINE1,01-10-2020 07:18:39.542,0.05,1.52,17.28
LINE1,01-10-2020 07:19:29.113,,1.31,
LINE1,01-10-2020 07:19:30.113,,1.65,
LINE1,01-10-2020 07:19:39.542,0.05,1.59,17.28
LINE1,01-10-2020 07:20:23.613,,1.39,
LINE1,01-10-2020 07:20:30.113,,1.59,
LINE1,01-10-2020 07:20:39.543,0.05,1.56,17.13
LINE1,01-10-2020 07:21:39.541,0.05,1.59,17.13
LINE1,01-10-2020 07:22:34.613,,1.33,
LINE1,01-10-2020 07:22:35.613,,1.73,
LINE1,01-10-2020 07:22:39.542,0.05,1.56,17.12
LINE1,01-10-2020 07:23:39.543,0.05,1.53,17.06
LINE1,01-10-2020 07:24:39.541,0.05,1.53,17.07
LINE1,01-10-2020 07:25:39.543,0.05,1.49,17.06
LINE1,01-10-2020 07:26:39.542,0.05,1.59,16.95
LINE1,01-10-2020 07:26:51.113,,1.34,
LINE1,01-10-2020 07:26:53.113,,1.57,
LINE1,01-10-2020 07:27:39.542,0.05,1.47,16.95
LINE1,01-10-2020 07:28:39.541,0.05,1.59,16.85
LINE1,01-10-2020 07:29:17.613,,1.38,
LINE1,01-10-2020 07:29:25.613,,1.59,
LINE1,01-10-2020 07:29:39.542,0.05,1.53,16.84
LINE1,01-10-2020 07:30:39.543,0.05,1.57,16.9
LINE1,01-10-2020 07:31:05.617,,1.36,
LINE1,01-10-2020 07:31:06.618,,1.69,
LINE1,01-10-2020 07:31:09.618,,1.48,
LINE1,01-10-2020 07:31:39.542,0.05,1.43,16.85
LINE1,01-10-2020 07:31:52.618,,1.65,
LINE1,01-10-2020 07:32:32.613,,1.4,
LINE1,01-10-2020 07:32:33.613,,1.6,
LINE1,01-10-2020 07:32:39.542,0.05,1.39,16.84
LINE1,01-10-2020 07:32:47.613,,1.6,
LINE1,01-10-2020 07:32:49.613,,1.39,
LINE1,01-10-2020 07:32:52.613,,1.59,
LINE1,01-10-2020 07:33:03.614,,1.36,
LINE1,01-10-2020 07:33:04.613,,1.57,
LINE1,01-10-2020 07:33:12.613,,1.34,
LINE1,01-10-2020 07:33:19.613,,1.72,
LINE1,01-10-2020 07:33:22.613,,1.41,
LINE1,01-10-2020 07:33:23.613,,1.62,
LINE1,01-10-2020 07:33:39.542,0.05,1.51,16.74
LINE1,01-10-2020 07:34:21.614,,1.28,
LINE1,01-10-2020 07:34:22.613,,1.63,
LINE1,01-10-2020 07:34:26.613,,1.43,
LINE1,01-10-2020 07:34:39.543,0.05,1.6,16.73
LINE1,01-10-2020 07:35:23.613,,1.27,
LINE1,01-10-2020 07:35:24.613,,1.67,
LINE1,01-10-2020 07:35:27.613,,1.44,
LINE1,01-10-2020 07:35:39.542,0.05,1.46,16.68
LINE1,01-10-2020 07:35:42.613,,1.66,
LINE1,01-10-2020 07:35:47.613,,1.41,
LINE1,01-10-2020 07:35:48.613,,1.66,
LINE1,01-10-2020 07:35:51.613,,1.44,
LINE1,01-10-2020 07:35:52.613,,1.65,
LINE1,01-10-2020 07:36:05.113,,1.3,
LINE1,01-10-2020 07:36:06.113,,1.61,
LINE1,01-10-2020 07:36:29.113,,1.29,
LINE1,01-10-2020 07:36:30.113,,1.68,
LINE1,01-10-2020 07:36:31.113,,1.48,
LINE1,01-10-2020 07:36:39.543,0.05,1.62,16.61
LINE1,01-10-2020 07:36:41.113,,1.4,
LINE1,01-10-2020 07:36:42.113,,1.68,
LINE1,01-10-2020 07:36:44.113,,1.42,
LINE1,01-10-2020 07:36:56.613,,1.62,
LINE1,01-10-2020 07:37:39.543,0.05,1.53,16.63
LINE1,01-10-2020 07:38:08.618,,1.32,
LINE1,01-10-2020 07:38:10.118,,1.65,
LINE1,01-10-2020 07:38:39.542,0.05,1.43,16.46
LINE1,01-10-2020 07:38:48.113,,1.64,
LINE1,01-10-2020 07:38:59.613,,1.42,
LINE1,01-10-2020 07:39:00.613,,1.65,
LINE1,01-10-2020 07:39:06.614,,1.44,
LINE1,01-10-2020 07:39:30.613,,1.73,
LINE1,01-10-2020 07:39:32.613,,1.36,
LINE1,01-10-2020 07:39:34.113,,1.59,
LINE1,01-10-2020 07:39:39.542,0.05,1.48,16.51
LINE1,01-10-2020 07:40:39.541,0.05,1.47,16.42
LINE1,01-10-2020 07:40:44.113,,1.68,
LINE1,01-10-2020 07:40:59.613,,1.38,
LINE1,01-10-2020 07:41:01.613,,1.64,
LINE1,01-10-2020 07:41:04.613,,1.44,
LINE1,01-10-2020 07:41:29.613,,1.65,
LINE1,01-10-2020 07:41:39.538,0.04,1.55,16.42
LINE1,01-10-2020 07:42:39.439,0.04,1.6,16.42
LINE1,01-10-2020 07:43:13.613,,1.4,
LINE1,01-10-2020 07:43:24.613,,1.6,
LINE1,01-10-2020 07:43:32.613,,1.36,
LINE1,01-10-2020 07:43:33.613,,1.59,
LINE1,01-10-2020 07:43:40.340,0.04,1.59,16.4
LINE1,01-10-2020 07:44:40.241,0.05,1.6,16.31
LINE1,01-10-2020 07:45:18.613,,1.35,
LINE1,01-10-2020 07:45:20.613,,1.59,
LINE1,01-10-2020 07:45:40.143,0.05,1.62,16.2
LINE1,01-10-2020 07:45:43.613,,1.39,
LINE1,01-10-2020 07:45:44.613,,1.64,
LINE1,01-10-2020 07:45:55.613,,1.36,
LINE1,01-10-2020 07:45:56.614,,1.62,
LINE1,01-10-2020 07:46:40.048,0.05,1.62,16.25
LINE1,01-10-2020 07:47:25.613,,1.39,
LINE1,01-10-2020 07:47:26.614,,1.62,
LINE1,01-10-2020 07:47:40.013,0.04,1.52,16.2
LINE1,01-10-2020 07:48:39.977,0.04,1.51,16.21
LINE1,01-10-2020 07:49:39.943,0.05,1.56,16.19
LINE1,01-10-2020 07:50:25.613,,1.35,
LINE1,01-10-2020 07:50:26.614,,1.61,
LINE1,01-10-2020 07:50:37.614,,1.39,
LINE1,01-10-2020 07:50:39.908,0.05,1.62,16.2
LINE1,01-10-2020 07:51:14.618,,1.4,
LINE1,01-10-2020 07:51:19.618,,1.62,
LINE1,01-10-2020 07:51:25.618,,1.41,
LINE1,01-10-2020 07:51:28.618,,1.62,
LINE1,01-10-2020 07:51:39.873,0.04,1.55,16.2
LINE1,01-10-2020 07:52:16.614,,1.33,
LINE1,01-10-2020 07:52:17.613,,1.69,
LINE1,01-10-2020 07:52:18.613,,1.38,
LINE1,01-10-2020 07:52:19.613,,1.65,
LINE1,01-10-2020 07:52:39.861,0.04,1.61,16.19
LINE1,01-10-2020 07:53:39.847,0.05,1.55,16.21
LINE1,01-10-2020 07:54:39.836,0.05,1.58,16.02
LINE1,01-10-2020 07:54:46.113,,1.37,
LINE1,01-10-2020 07:54:46.614,,1.59,
LINE1,01-10-2020 07:55:39.822,0.04,1.58,16.08
LINE1,01-10-2020 07:56:39.810,0.04,1.32,15.98
LINE1,01-10-2020 07:56:40.613,,1.67,
LINE1,01-10-2020 07:56:59.613,,1.44,
LINE1,01-10-2020 07:57:11.613,,1.66,
LINE1,01-10-2020 07:57:21.615,,1.45,
LINE1,01-10-2020 07:57:27.615,,1.71,
LINE1,01-10-2020 07:57:39.807,0.05,1.52,16
LINE1,01-10-2020 07:58:39.801,0.05,1.64,15.98
LINE1,01-10-2020 07:59:13.613,,1.32,
LINE1,01-10-2020 07:59:14.613,,1.61,
LINE1,01-10-2020 07:59:27.613,,1.38,
LINE1,01-10-2020 07:59:28.613,,1.66,
LINE1,01-10-2020 07:59:39.797,0.04,1.45,15.99
LINE1,01-10-2020 08:00:39.791,0.05,1.46,15.99
LINE1,01-10-2020 08:00:39.796,,1.69,
LINE1,01-10-2020 08:00:43.613,,1.49,
LINE1,01-10-2020 08:01:39.788,0.05,1.53,15.99
LINE1,01-10-2020 08:02:39.786,0.05,1.6,15.98
LINE1,01-10-2020 08:03:39.784,0.04,1.58,15.97
LINE1,01-10-2020 08:04:16.618,,1.38,
LINE1,01-10-2020 08:04:19.617,,1.59,
LINE1,01-10-2020 08:04:37.618,,1.37,
LINE1,01-10-2020 08:04:39.784,0.05,1.64,15.98
LINE1,01-10-2020 08:04:58.618,,1.39,
LINE1,01-10-2020 08:05:03.618,,1.62,
LINE1,01-10-2020 08:05:09.618,,1.32,
LINE1,01-10-2020 08:05:10.618,,1.57,
LINE1,01-10-2020 08:05:39.782,0.05,1.54,15.96
LINE1,01-10-2020 08:06:39.780,0.04,1.56,15.88
LINE1,01-10-2020 08:06:57.606,,1.35,
LINE1,01-10-2020 08:06:58.606,,1.55,
LINE1,01-10-2020 08:07:39.778,0.04,1.49,15.88
LINE1,01-10-2020 08:08:39.778,0.04,1.55,15.88
LINE1,01-10-2020 08:09:39.778,0.04,1.59,15.83
LINE1,01-10-2020 08:10:39.777,0.04,1.55,15.86
LINE1,01-10-2020 08:11:20.611,,1.31,
LINE1,01-10-2020 08:11:21.611,,1.56,
LINE1,01-10-2020 08:11:33.611,,1.33,
LINE1,01-10-2020 08:11:34.611,,1.6,
LINE1,01-10-2020 08:11:39.777,0.04,1.57,15.83
LINE1,01-10-2020 08:12:02.606,,1.36,
LINE1,01-10-2020 08:12:03.606,,1.69,
LINE1,01-10-2020 08:12:11.606,,1.43,
LINE1,01-10-2020 08:12:29.606,,1.64,
LINE1,01-10-2020 08:12:39.775,0.04,1.57,15.77
LINE1,01-10-2020 08:13:39.776,0.04,1.48,15.78
LINE1,01-10-2020 08:13:53.606,,1.69,
LINE1,01-10-2020 08:13:55.606,,1.47,
LINE1,01-10-2020 08:13:58.606,,1.76,
LINE1,01-10-2020 08:13:59.606,,1.45,
LINE1,01-10-2020 08:14:04.606,,1.71,
LINE1,01-10-2020 08:14:06.606,,1.38,
LINE1,01-10-2020 08:14:07.606,,1.6,
LINE1,01-10-2020 08:14:18.606,,1.34,
LINE1,01-10-2020 08:14:19.606,,1.63,
LINE1,01-10-2020 08:14:31.606,,1.33,
LINE1,01-10-2020 08:14:32.606,,1.58,
LINE1,01-10-2020 08:14:39.776,0.04,1.61,15.77
LINE1,01-10-2020 08:15:21.606,,1.33,
LINE1,01-10-2020 08:15:22.606,,1.62,
LINE1,01-10-2020 08:15:25.606,,1.41,
LINE1,01-10-2020 08:15:26.607,,1.65,
LINE1,01-10-2020 08:15:32.606,,1.41,
LINE1,01-10-2020 08:15:34.606,,1.62,
LINE1,01-10-2020 08:15:37.606,,1.4,
LINE1,01-10-2020 08:15:39.777,0.04,1.58,15.83
LINE1,01-10-2020 08:15:47.606,,1.37,
LINE1,01-10-2020 08:15:48.606,,1.59,
LINE1,01-10-2020 08:15:58.606,,1.38,
LINE1,01-10-2020 08:15:59.606,,1.59,
LINE1,01-10-2020 08:16:03.606,,1.36,
LINE1,01-10-2020 08:16:05.607,,1.59,
LINE1,01-10-2020 08:16:39.776,0.04,1.44,15.78
LINE1,01-10-2020 08:16:40.606,,1.66,
LINE1,01-10-2020 08:16:41.606,,1.39,
LINE1,01-10-2020 08:16:44.606,,1.6,
LINE1,01-10-2020 08:17:39.776,0.04,1.51,15.77
LINE1,01-10-2020 08:18:39.776,0.04,1.55,15.77
LINE1,01-10-2020 08:19:39.776,0.04,1.57,15.77
LINE1,01-10-2020 08:20:01.106,,1.34,
LINE1,01-10-2020 08:20:04.606,,1.59,
LINE1,01-10-2020 08:20:33.606,,1.39,
LINE1,01-10-2020 08:20:36.607,,1.61,
LINE1,01-10-2020 08:20:39.776,0.04,1.54,15.77
LINE1,01-10-2020 08:21:33.606,,1.32,
LINE1,01-10-2020 08:21:34.606,,1.52,
LINE1,01-10-2020 08:21:39.776,0.04,1.54,15.6
LINE1,01-10-2020 08:22:01.107,,,15.4
LINE1,01-10-2020 08:22:17.107,,,15.18
LINE1,01-10-2020 08:22:39.776,0.04,1.56,15.01
LINE1,01-10-2020 08:22:55.106,,1.31,
LINE1,01-10-2020 08:22:58.606,,1.57,
LINE1,01-10-2020 08:23:22.607,,,14.8
LINE1,01-10-2020 08:23:39.775,0.04,1.52,14.8
LINE1,01-10-2020 08:24:27.611,,1.28,
LINE1,01-10-2020 08:24:29.611,,1.63,
LINE1,01-10-2020 08:24:39.777,0.04,1.44,14.69
LINE1,01-10-2020 08:24:55.612,,1.65,
LINE1,01-10-2020 08:24:56.613,,1.43,
LINE1,01-10-2020 08:25:03.611,,1.63,
LINE1,01-10-2020 08:25:16.612,,1.38,
LINE1,01-10-2020 08:25:17.606,,1.62,
LINE1,01-10-2020 08:25:29.606,,1.41,
LINE1,01-10-2020 08:25:39.777,0.04,1.51,14.69
LINE1,01-10-2020 08:26:39.777,0.04,1.59,14.69
LINE1,01-10-2020 08:26:46.608,,,14.91
LINE1,01-10-2020 08:26:53.607,,,15.12
LINE1,01-10-2020 08:26:57.607,,,15.35
LINE1,01-10-2020 08:27:02.607,,,15.57
LINE1,01-10-2020 08:27:06.608,,,15.78
LINE1,01-10-2020 08:27:11.607,,,16.03
LINE1,01-10-2020 08:27:16.608,,,16.24
LINE1,01-10-2020 08:27:23.607,,,16.47
LINE1,01-10-2020 08:27:32.607,,,16.69
LINE1,01-10-2020 08:27:39.777,0.05,1.58,16.86
LINE1,01-10-2020 08:28:01.608,,,17.07
LINE1,01-10-2020 08:28:03.606,,1.36,
LINE1,01-10-2020 08:28:04.606,,1.68,
LINE1,01-10-2020 08:28:22.606,,1.44,
LINE1,01-10-2020 08:28:39.776,0.05,1.56,17.06
LINE1,01-10-2020 08:29:10.606,,1.34,
LINE1,01-10-2020 08:29:11.607,,1.61,
LINE1,01-10-2020 08:29:39.776,0.05,1.56,16.96
LINE1,01-10-2020 08:30:16.607,,1.35,
LINE1,01-10-2020 08:30:17.606,,1.66,
LINE1,01-10-2020 08:30:19.606,,1.45,
LINE1,01-10-2020 08:30:26.607,,1.66,
LINE1,01-10-2020 08:30:36.608,,1.3,
LINE1,01-10-2020 08:30:37.607,,1.65,
LINE1,01-10-2020 08:30:39.776,0.05,1.61,16.94
LINE1,01-10-2020 08:31:01.610,,1.4,
LINE1,01-10-2020 08:31:08.611,,1.6,
LINE1,01-10-2020 08:31:14.611,,1.38,
LINE1,01-10-2020 08:31:15.611,,1.6,
LINE1,01-10-2020 08:31:28.611,,1.38,
LINE1,01-10-2020 08:31:29.611,,1.65,
LINE1,01-10-2020 08:31:39.777,0.05,1.57,16.96
LINE1,01-10-2020 08:32:00.606,,1.36,
LINE1,01-10-2020 08:32:01.606,,1.6,
LINE1,01-10-2020 08:32:15.606,,1.37,
LINE1,01-10-2020 08:32:16.607,,1.66,
LINE1,01-10-2020 08:32:18.606,,1.38,
LINE1,01-10-2020 08:32:19.606,,1.62,
LINE1,01-10-2020 08:32:39.775,0.05,1.45,16.96
LINE1,01-10-2020 08:33:00.606,,1.7,
LINE1,01-10-2020 08:33:02.606,,1.48,
LINE1,01-10-2020 08:33:39.776,0.05,1.65,17.05
LINE1,01-10-2020 08:33:40.606,,1.38,
LINE1,01-10-2020 08:33:42.606,,1.79,
LINE1,01-10-2020 08:33:43.606,,1.54,
LINE1,01-10-2020 08:34:24.606,,1.33,
LINE1,01-10-2020 08:34:25.606,,1.65,
LINE1,01-10-2020 08:34:33.606,,1.43,
LINE1,01-10-2020 08:34:34.606,,1.65,
LINE1,01-10-2020 08:34:39.776,0.05,1.44,17.06
LINE1,01-10-2020 08:34:40.606,,1.74,
LINE1,01-10-2020 08:34:41.607,,1.53,
LINE1,01-10-2020 08:35:39.776,0.05,1.54,17.15
LINE1,01-10-2020 08:36:39.776,0.05,1.49,17.12
LINE1,01-10-2020 08:37:39.776,0.05,1.53,17.16
LINE1,01-10-2020 08:38:15.112,,1.31,
LINE1,01-10-2020 08:38:16.112,,1.58,
LINE1,01-10-2020 08:38:39.776,0.05,1.52,17.29
LINE1,01-10-2020 08:39:39.776,0.05,1.54,17.29
LINE1,01-10-2020 08:40:39.776,0.05,1.61,17.29
LINE1,01-10-2020 08:40:48.106,,1.36,
LINE1,01-10-2020 08:40:48.606,,1.6,
LINE1,01-10-2020 08:41:03.606,,1.39,
LINE1,01-10-2020 08:41:05.606,,1.62,
LINE1,01-10-2020 08:41:22.606,,1.42,
LINE1,01-10-2020 08:41:33.606,,1.67,
LINE1,01-10-2020 08:41:39.776,0.05,1.56,17.33
LINE1,01-10-2020 08:42:39.777,0.05,1.7,17.34
LINE1,01-10-2020 08:42:43.107,,1.46,
LINE1,01-10-2020 08:43:39.777,0.05,1.61,17.39
LINE1,01-10-2020 08:44:39.775,0.05,1.65,17.46
LINE1,01-10-2020 08:44:45.611,,1.4,
LINE1,01-10-2020 08:44:48.611,,1.68,
LINE1,01-10-2020 08:44:49.611,,1.32,
LINE1,01-10-2020 08:44:50.611,,1.56,
LINE1,01-10-2020 08:45:39.776,0.05,1.54,17.5
LINE1,01-10-2020 08:46:39.775,0.05,1.53,17.5
LINE1,01-10-2020 08:47:39.777,0.05,1.55,17.56
LINE1,01-10-2020 08:48:39.777,0.05,1.62,17.55
LINE1,01-10-2020 08:48:49.606,,1.4,
LINE1,01-10-2020 08:48:51.606,,1.61,
LINE1,01-10-2020 08:49:01.606,,1.38,
LINE1,01-10-2020 08:49:02.606,,1.62,
LINE1,01-10-2020 08:49:03.606,,1.39,
LINE1,01-10-2020 08:49:07.606,,1.66,
LINE1,01-10-2020 08:49:16.607,,1.45,
LINE1,01-10-2020 08:49:17.606,,1.68,
LINE1,01-10-2020 08:49:18.606,,1.32,
LINE1,01-10-2020 08:49:19.606,,1.65,
LINE1,01-10-2020 08:49:39.777,0.05,1.55,17.61
LINE1,01-10-2020 08:50:39.777,0.05,1.47,17.64
LINE1,01-10-2020 08:51:20.612,,1.7,
LINE1,01-10-2020 08:51:23.611,,1.48,
LINE1,01-10-2020 08:51:31.612,,1.68,
LINE1,01-10-2020 08:51:39.775,0.05,1.62,17.73
LINE1,01-10-2020 08:52:39.777,0.05,1.53,17.73
LINE1,01-10-2020 08:53:39.775,0.05,1.57,17.73
LINE1,01-10-2020 08:54:36.106,,1.36,
LINE1,01-10-2020 08:54:37.606,,1.58,
LINE1,01-10-2020 08:54:39.777,0.05,1.53,17.83
LINE1,01-10-2020 08:55:39.776,0.05,1.6,17.78
LINE1,01-10-2020 08:56:10.606,,1.35,
LINE1,01-10-2020 08:56:11.606,,1.58,
LINE1,01-10-2020 08:56:25.606,,1.37,
LINE1,01-10-2020 08:56:26.106,,1.67,
LINE1,01-10-2020 08:56:36.607,,1.43,
LINE1,01-10-2020 08:56:39.777,0.05,1.52,17.85
LINE1,01-10-2020 08:57:39.776,0.05,1.6,17.82
LINE1,01-10-2020 08:57:40.110,,1.36,
LINE1,01-10-2020 08:57:41.110,,1.56,
LINE1,01-10-2020 08:57:59.111,,1.34,
LINE1,01-10-2020 08:58:00.111,,1.58,
LINE1,01-10-2020 08:58:31.111,,1.37,
LINE1,01-10-2020 08:58:39.775,0.05,1.58,17.96
LINE1,01-10-2020 08:59:39.777,0.05,1.57,17.94
LINE1,01-10-2020 09:00:02.606,,1.34,
LINE1,01-10-2020 09:00:03.606,,1.62,
LINE1,01-10-2020 09:00:39.776,0.05,1.5,18
LINE1,01-10-2020 09:01:39.777,0.05,1.43,17.95
LINE1,01-10-2020 09:01:44.606,,1.66,
LINE1,01-10-2020 09:02:28.606,,1.44,
LINE1,01-10-2020 09:02:39.776,0.05,1.51,18.17
LINE1,01-10-2020 09:02:43.607,,,17.95
LINE1,01-10-2020 09:02:57.607,,,18.16
LINE1,01-10-2020 09:03:39.776,0.05,1.56,18.16
LINE1,01-10-2020 09:04:22.610,,1.36,
LINE1,01-10-2020 09:04:23.611,,1.61,
LINE1,01-10-2020 09:04:39.776,0.05,1.55,18.16
LINE1,01-10-2020 09:05:39.776,0.05,1.49,18.17
LINE1,01-10-2020 09:06:39.776,0.05,1.58,18.16
LINE1,01-10-2020 09:07:19.600,,1.28,
LINE1,01-10-2020 09:07:20.600,,1.64,
LINE1,01-10-2020 09:07:39.776,0.05,1.57,18.22
LINE1,01-10-2020 09:08:08.102,,,18.01
LINE1,01-10-2020 09:08:13.101,,,17.8
LINE1,01-10-2020 09:08:23.601,,,17.56
LINE1,01-10-2020 09:08:32.601,,,17.34
LINE1,01-10-2020 09:08:39.776,0.05,1.57,17.28
LINE1,01-10-2020 09:08:57.101,,,17.5
LINE1,01-10-2020 09:09:13.601,,,17.72
LINE1,01-10-2020 09:09:39.776,0.05,1.52,17.73
LINE1,01-10-2020 09:10:01.601,,,17.95
LINE1,01-10-2020 09:10:39.776,0.05,1.52,17.94
LINE1,01-10-2020 09:11:18.106,,,18.17
LINE1,01-10-2020 09:11:19.106,,,17.95
LINE1,01-10-2020 09:11:24.106,,,18.16
LINE1,01-10-2020 09:11:39.776,0.05,1.49,18.15
LINE1,01-10-2020 09:12:39.776,0.05,1.64,18.16
LINE1,01-10-2020 09:12:43.600,,1.44,
LINE1,01-10-2020 09:13:25.100,,1.71,
LINE1,01-10-2020 09:13:28.100,,1.35,
LINE1,01-10-2020 09:13:29.100,,1.58,
LINE1,01-10-2020 09:13:39.777,0.05,1.6,18.16
LINE1,01-10-2020 09:13:52.600,,1.39,
LINE1,01-10-2020 09:13:53.600,,1.68,
LINE1,01-10-2020 09:14:13.100,,1.42,
LINE1,01-10-2020 09:14:18.100,,1.65,
LINE1,01-10-2020 09:14:28.100,,1.39,
LINE1,01-10-2020 09:14:28.101,,,17.96
LINE1,01-10-2020 09:14:29.100,,1.62,
LINE1,01-10-2020 09:14:37.102,,,18.18
LINE1,01-10-2020 09:14:39.776,0.05,1.59,18.05
LINE1,01-10-2020 09:15:15.100,,1.31,
LINE1,01-10-2020 09:15:16.100,,1.69,
LINE1,01-10-2020 09:15:21.600,,1.42,
LINE1,01-10-2020 09:15:22.600,,1.69,
LINE1,01-10-2020 09:15:25.600,,1.43,
LINE1,01-10-2020 09:15:39.777,0.05,1.6,18.07
LINE1,01-10-2020 09:16:04.600,,1.4,
LINE1,01-10-2020 09:16:05.600,,1.65,
LINE1,01-10-2020 09:16:35.601,,,17.84
LINE1,01-10-2020 09:16:39.776,0.05,1.64,18
LINE1,01-10-2020 09:16:39.781,,1.43,
LINE1,01-10-2020 09:16:59.600,,1.65,
LINE1,01-10-2020 09:17:02.602,,,17.79
LINE1,01-10-2020 09:17:23.602,,1.43,
LINE1,01-10-2020 09:17:39.777,0.05,1.62,17.95
LINE1,01-10-2020 09:17:58.605,,1.35,
LINE1,01-10-2020 09:17:59.605,,1.66,
LINE1,01-10-2020 09:18:24.607,,,17.72
LINE1,01-10-2020 09:18:29.605,,1.41,
LINE1,01-10-2020 09:18:31.605,,1.64,
LINE1,01-10-2020 09:18:39.776,0.05,1.56,17.84
LINE1,01-10-2020 09:19:39.777,0.05,1.55,17.73
LINE1,01-10-2020 09:20:39.777,0.05,1.53,17.71
LINE1,01-10-2020 09:21:31.600,,1.32,
LINE1,01-10-2020 09:21:32.600,,1.62,
LINE1,01-10-2020 09:21:39.776,0.05,1.52,17.73
LINE1,01-10-2020 09:21:55.600,,1.79,
LINE1,01-10-2020 09:21:57.600,,1.53,
LINE1,01-10-2020 09:22:39.777,0.05,1.57,17.73
LINE1,01-10-2020 09:23:17.601,,,17.51
LINE1,01-10-2020 09:23:23.601,,,17.72
LINE1,01-10-2020 09:23:39.775,0.05,1.41,17.73
LINE1,01-10-2020 09:23:41.600,,1.63,
LINE1,01-10-2020 09:24:00.102,,1.36,
LINE1,01-10-2020 09:24:03.102,,1.58,
LINE1,01-10-2020 09:24:18.604,,1.27,
LINE1,01-10-2020 09:24:19.604,,1.62,
LINE1,01-10-2020 09:24:22.605,,,17.5
LINE1,01-10-2020 09:24:26.606,,,17.73
LINE1,01-10-2020 09:24:29.605,,1.33,
LINE1,01-10-2020 09:24:30.605,,1.66,
LINE1,01-10-2020 09:24:31.605,,1.37,
LINE1,01-10-2020 09:24:32.605,,1.58,
LINE1,01-10-2020 09:24:32.606,,,17.5
LINE1,01-10-2020 09:24:39.776,0.05,1.56,17.61
LINE1,01-10-2020 09:25:10.605,,1.36,
LINE1,01-10-2020 09:25:13.605,,1.59,
LINE1,01-10-2020 09:25:39.776,0.05,1.52,17.56
LINE1,01-10-2020 09:26:39.776,0.05,1.49,17.51
LINE1,01-10-2020 09:27:35.100,,1.8,
LINE1,01-10-2020 09:27:36.100,,1.48,
LINE1,01-10-2020 09:27:39.775,0.05,1.57,17.52
LINE1,01-10-2020 09:27:51.100,,1.35,
LINE1,01-10-2020 09:27:53.100,,1.59,
LINE1,01-10-2020 09:27:56.100,,1.36,
LINE1,01-10-2020 09:27:57.100,,1.72,
LINE1,01-10-2020 09:28:00.100,,1.5,
LINE1,01-10-2020 09:28:39.777,0.05,1.53,17.4
LINE1,01-10-2020 09:29:03.100,,1.33,
LINE1,01-10-2020 09:29:03.600,,1.61,
LINE1,01-10-2020 09:29:06.100,,1.32,
LINE1,01-10-2020 09:29:07.100,,1.64,
LINE1,01-10-2020 09:29:22.100,,1.43,
LINE1,01-10-2020 09:29:39.777,0.05,1.46,17.28
LINE1,01-10-2020 09:29:53.101,,,17.5
LINE1,01-10-2020 09:29:55.101,,,17.28
LINE1,01-10-2020 09:30:39.775,0.05,1.53,17.34
LINE1,01-10-2020 09:31:39.777,0.05,1.61,17.34
LINE1,01-10-2020 09:31:53.605,,1.35,
LINE1,01-10-2020 09:31:54.600,,1.64,
LINE1,01-10-2020 09:32:30.600,,1.44,
LINE1,01-10-2020 09:32:34.600,,1.66,
LINE1,01-10-2020 09:32:36.601,,1.44,
LINE1,01-10-2020 09:32:39.776,0.05,1.52,17.3
LINE1,01-10-2020 09:33:39.777,0.05,1.61,17.28
LINE1,01-10-2020 09:33:48.600,,1.38,
LINE1,01-10-2020 09:33:49.600,,1.61,
LINE1,01-10-2020 09:33:50.600,,1.39,
LINE1,01-10-2020 09:33:53.600,,1.6,
LINE1,01-10-2020 09:34:14.600,,1.39,
LINE1,01-10-2020 09:34:18.100,,1.64,
LINE1,01-10-2020 09:34:39.776,0.05,1.63,17.17
LINE1,01-10-2020 09:34:42.600,,1.37,
LINE1,01-10-2020 09:34:47.600,,1.63,
LINE1,01-10-2020 09:35:12.600,,1.39,
LINE1,01-10-2020 09:35:17.600,,1.62,
LINE1,01-10-2020 09:35:29.601,,1.34,
LINE1,01-10-2020 09:35:30.600,,1.69,
LINE1,01-10-2020 09:35:39.777,0.05,1.49,17.28
LINE1,01-10-2020 09:36:39.776,0.05,1.62,17.29
LINE1,01-10-2020 09:36:47.100,,1.42,
LINE1,01-10-2020 09:36:53.600,,1.62,
LINE1,01-10-2020 09:37:00.601,,,17.07
LINE1,01-10-2020 09:37:07.601,,,17.28
LINE1,01-10-2020 09:37:28.602,,1.38,
LINE1,01-10-2020 09:37:29.602,,1.6,
LINE1,01-10-2020 09:37:39.776,0.05,1.59,17.18
LINE1,01-10-2020 09:38:39.776,0.05,1.5,17.13
LINE1,01-10-2020 09:39:39.775,0.05,1.61,17.12
LINE1,01-10-2020 09:40:39.776,0.05,1.58,17.07
LINE1,01-10-2020 09:40:41.100,,1.34,
LINE1,01-10-2020 09:40:42.100,,1.58,
LINE1,01-10-2020 09:41:39.776,0.05,1.6,17.07
LINE1,01-10-2020 09:42:33.100,,1.39,
LINE1,01-10-2020 09:42:34.600,,1.59,
LINE1,01-10-2020 09:42:39.777,0.05,1.58,17.07
LINE1,01-10-2020 09:43:33.100,,1.37,
LINE1,01-10-2020 09:43:34.100,,1.67,
LINE1,01-10-2020 09:43:39.777,0.05,1.47,16.99
LINE1,01-10-2020 09:44:39.777,0.05,1.5,16.96
LINE1,01-10-2020 09:45:39.776,0.05,1.59,16.91
LINE1,01-10-2020 09:46:09.100,,1.39,
LINE1,01-10-2020 09:46:12.101,,1.6,
LINE1,01-10-2020 09:46:39.776,0.05,1.55,16.9
LINE1,01-10-2020 09:47:39.777,0.05,1.51,16.84
LINE1,01-10-2020 09:48:39.775,0.05,1.57,16.85
LINE1,01-10-2020 09:49:03.600,,1.28,
LINE1,01-10-2020 09:49:04.601,,1.51,
LINE1,01-10-2020 09:49:39.776,0.05,1.7,16.86
LINE1,01-10-2020 09:49:41.600,,1.43,
LINE1,01-10-2020 09:49:46.600,,1.66,
LINE1,01-10-2020 09:50:32.600,,1.46,
LINE1,01-10-2020 09:50:39.775,0.05,1.6,16.75
LINE1,01-10-2020 09:51:30.605,,1.34,
LINE1,01-10-2020 09:51:31.605,,1.6,
LINE1,01-10-2020 09:51:39.776,0.05,1.5,16.74
LINE1,01-10-2020 09:52:39.777,0.05,1.59,16.74
LINE1,01-10-2020 09:53:39.776,0.05,1.58,16.68
LINE1,01-10-2020 09:54:13.100,,1.33,
LINE1,01-10-2020 09:54:14.600,,1.58,
LINE1,01-10-2020 09:54:39.776,0.05,1.55,16.65
LINE1,01-10-2020 09:55:39.775,0.05,1.58,16.64
LINE1,01-10-2020 09:55:41.100,,1.37,
LINE1,01-10-2020 09:55:42.100,,1.58,
LINE1,01-10-2020 09:56:20.600,,1.36,
LINE1,01-10-2020 09:56:24.100,,1.62,
LINE1,01-10-2020 09:56:26.100,,1.4,
LINE1,01-10-2020 09:56:33.100,,1.65,
LINE1,01-10-2020 09:56:39.776,0.05,1.45,16.52
LINE1,01-10-2020 09:57:16.601,,1.66,
LINE1,01-10-2020 09:57:35.104,,1.4,
LINE1,01-10-2020 09:57:39.775,0.05,1.63,16.63
LINE1,01-10-2020 09:57:40.104,,1.37,
LINE1,01-10-2020 09:57:41.104,,1.62,
LINE1,01-10-2020 09:57:50.105,,1.37,
LINE1,01-10-2020 09:57:52.105,,1.58,
LINE1,01-10-2020 09:58:39.776,0.05,1.5,16.52
LINE1,01-10-2020 09:59:39.777,0.05,1.58,16.52
LINE1,01-10-2020 10:00:39.777,0.05,1.63,16.51
LINE1,01-10-2020 10:00:56.100,,1.4,
LINE1,01-10-2020 10:00:57.100,,1.6,
LINE1,01-10-2020 10:00:59.100,,1.36,
LINE1,01-10-2020 10:01:00.100,,1.7,
LINE1,01-10-2020 10:01:14.100,,1.48,
LINE1,01-10-2020 10:01:39.776,0.05,1.5,16.41
LINE1,01-10-2020 10:01:52.100,,1.71,
LINE1,01-10-2020 10:01:53.100,,1.49,
LINE1,01-10-2020 10:02:39.776,0.05,1.46,16.41
LINE1,01-10-2020 10:03:00.600,,1.66,
LINE1,01-10-2020 10:03:17.600,,1.31,
LINE1,01-10-2020 10:03:18.600,,1.62,
LINE1,01-10-2020 10:03:39.776,0.05,1.52,16.41
LINE1,01-10-2020 10:04:39.775,0.05,1.57,16.32
LINE1,01-10-2020 10:04:50.605,,1.31,
LINE1,01-10-2020 10:04:51.605,,1.52,
LINE1,01-10-2020 10:04:57.605,,1.31,
LINE1,01-10-2020 10:04:58.605,,1.57,
LINE1,01-10-2020 10:05:09.605,,1.32,
LINE1,01-10-2020 10:05:10.605,,1.66,
LINE1,01-10-2020 10:05:12.605,,1.46,
LINE1,01-10-2020 10:05:31.588,,1.67,
LINE1,01-10-2020 10:05:39.777,0.05,1.55,16.36
LINE1,01-10-2020 10:05:59.588,,1.33,
LINE1,01-10-2020 10:06:00.588,,1.59,
LINE1,01-10-2020 10:06:11.588,,1.28,
LINE1,01-10-2020 10:06:12.088,,1.57,
LINE1,01-10-2020 10:06:36.589,,1.36,
LINE1,01-10-2020 10:06:37.588,,1.56,
LINE1,01-10-2020 10:06:39.776,0.05,1.52,16.4
LINE1,01-10-2020 10:07:39.776,0.05,1.54,16.3
LINE1,01-10-2020 10:08:39.776,0.05,1.54,16.25
LINE1,01-10-2020 10:08:55.088,,1.28,
LINE1,01-10-2020 10:08:56.088,,1.58,
LINE1,01-10-2020 10:09:39.776,0.05,1.54,16.25
LINE1,01-10-2020 10:10:29.088,,1.28,
LINE1,01-10-2020 10:10:30.089,,1.65,
LINE1,01-10-2020 10:10:35.089,,1.4,
LINE1,01-10-2020 10:10:37.089,,1.64,
LINE1,01-10-2020 10:10:39.776,0.05,1.52,16.42
LINE1,01-10-2020 10:11:31.095,,,16.21
LINE1,01-10-2020 10:11:39.776,0.05,1.62,16.25
LINE1,01-10-2020 10:12:15.088,,1.39,
LINE1,01-10-2020 10:12:16.088,,1.62,
LINE1,01-10-2020 10:12:39.776,0.05,1.5,16.21
LINE1,01-10-2020 10:13:39.776,0.05,1.53,16.2
LINE1,01-10-2020 10:14:24.088,,1.25,
LINE1,01-10-2020 10:14:25.088,,1.71,
LINE1,01-10-2020 10:14:26.088,,1.43,
LINE1,01-10-2020 10:14:39.777,0.05,1.53,16.2
LINE1,01-10-2020 10:15:39.776,0.05,1.4,16.2
LINE1,01-10-2020 10:15:40.088,,1.62,
LINE1,01-10-2020 10:16:29.588,,1.41,
LINE1,01-10-2020 10:16:30.588,,1.64,
LINE1,01-10-2020 10:16:39.777,0.05,1.58,16.1
LINE1,01-10-2020 10:16:51.588,,1.3,
LINE1,01-10-2020 10:16:52.588,,1.66,
LINE1,01-10-2020 10:17:13.589,,1.36,
LINE1,01-10-2020 10:17:15.589,,1.65,
LINE1,01-10-2020 10:17:31.591,,1.41,
LINE1,01-10-2020 10:17:32.591,,1.67,
LINE1,01-10-2020 10:17:34.591,,1.27,
LINE1,01-10-2020 10:17:35.591,,1.66,
LINE1,01-10-2020 10:17:39.777,0.05,1.56,16.1
LINE1,01-10-2020 10:17:39.782,,1.35,
LINE1,01-10-2020 10:17:40.592,,1.63,
LINE1,01-10-2020 10:17:59.593,,1.32,
LINE1,01-10-2020 10:18:00.593,,1.66,
LINE1,01-10-2020 10:18:15.593,,1.45,
LINE1,01-10-2020 10:18:39.775,0.05,1.65,16.02
LINE1,01-10-2020 10:18:51.588,,1.43,
LINE1,01-10-2020 10:18:52.588,,1.68,
LINE1,01-10-2020 10:18:53.588,,1.47,
LINE1,01-10-2020 10:19:39.777,0.05,1.52,15.98
LINE1,01-10-2020 10:19:42.588,,1.24,
LINE1,01-10-2020 10:19:43.588,,1.63,
LINE1,01-10-2020 10:20:08.088,,1.42,
LINE1,01-10-2020 10:20:29.588,,1.62,
LINE1,01-10-2020 10:20:39.775,0.05,1.55,15.98
LINE1,01-10-2020 10:21:39.776,0.05,1.56,15.88
LINE1,01-10-2020 10:22:39.776,0.05,1.58,15.83
LINE1,01-10-2020 10:23:36.589,,1.37,
LINE1,01-10-2020 10:23:37.588,,1.59,
LINE1,01-10-2020 10:23:39.776,0.05,1.59,15.78
LINE1,01-10-2020 10:24:39.776,0.05,1.6,15.77
LINE1,01-10-2020 10:25:10.093,,1.34,
LINE1,01-10-2020 10:25:11.093,,1.66,
LINE1,01-10-2020 10:25:31.088,,1.4,
LINE1,01-10-2020 10:25:32.088,,1.65,
LINE1,01-10-2020 10:25:36.088,,1.39,
LINE1,01-10-2020 10:25:37.088,,1.73,
LINE1,01-10-2020 10:25:39.775,0.04,1.62,15.77
LINE1,01-10-2020 10:25:55.088,,1.39,
LINE1,01-10-2020 10:25:57.088,,1.62,
LINE1,01-10-2020 10:26:39.777,0.04,1.57,15.67
LINE1,01-10-2020 10:27:39.775,0.04,1.46,15.68
LINE1,01-10-2020 10:28:09.088,,1.7,
LINE1,01-10-2020 10:28:12.088,,1.48,
LINE1,01-10-2020 10:28:39.777,0.05,1.57,15.6
LINE1,01-10-2020 10:28:43.088,,1.36,
LINE1,01-10-2020 10:28:44.088,,1.57,
LINE1,01-10-2020 10:29:19.088,,1.33,
LINE1,01-10-2020 10:29:20.088,,1.59,
LINE1,01-10-2020 10:29:37.088,,1.32,
LINE1,01-10-2020 10:29:39.775,0.05,1.58,15.61
LINE1,01-10-2020 10:30:39.777,0.04,1.61,15.56
LINE1,01-10-2020 10:30:52.091,,1.41,
LINE1,01-10-2020 10:31:08.093,,1.66,
LINE1,01-10-2020 10:31:39.777,0.05,1.49,15.56
LINE1,01-10-2020 10:32:03.088,,1.71,
LINE1,01-10-2020 10:32:05.088,,1.44,
LINE1,01-10-2020 10:32:26.088,,1.7,
LINE1,01-10-2020 10:32:32.588,,1.42,
LINE1,01-10-2020 10:32:36.588,,1.62,
LINE1,01-10-2020 10:32:37.588,,1.38,
LINE1,01-10-2020 10:32:39.775,0.04,1.63,15.55
LINE1,01-10-2020 10:32:40.588,,1.42,
LINE1,01-10-2020 10:32:47.588,,1.64,
LINE1,01-10-2020 10:32:50.588,,1.42,
LINE1,01-10-2020 10:32:51.588,,1.65,
LINE1,01-10-2020 10:33:17.588,,1.32,
LINE1,01-10-2020 10:33:18.588,,1.64,
LINE1,01-10-2020 10:33:23.588,,1.42,
LINE1,01-10-2020 10:33:24.588,,1.66,
LINE1,01-10-2020 10:33:39.777,0.04,1.53,15.57
LINE1,01-10-2020 10:34:39.776,0.04,1.47,15.55
LINE1,01-10-2020 10:35:39.777,0.05,1.52,15.56
LINE1,01-10-2020 10:36:39.776,0.04,1.5,15.62
LINE1,01-10-2020 10:37:39.776,0.04,1.44,15.56
LINE1,01-10-2020 10:37:42.593,,1.68,
LINE1,01-10-2020 10:37:56.093,,1.43,
LINE1,01-10-2020 10:37:58.093,,1.65,
LINE1,01-10-2020 10:38:06.594,,1.43,
LINE1,01-10-2020 10:38:30.594,,1.66,
LINE1,01-10-2020 10:38:35.588,,1.44,
LINE1,01-10-2020 10:38:36.594,,1.64,
LINE1,01-10-2020 10:38:39.776,0.05,1.59,15.56
LINE1,01-10-2020 10:39:39.776,0.04,1.58,15.56
LINE1,01-10-2020 10:39:51.589,,1.28,
LINE1,01-10-2020 10:39:52.588,,1.61,
LINE1,01-10-2020 10:40:20.588,,1.38,
LINE1,01-10-2020 10:40:24.588,,1.66,
LINE1,01-10-2020 10:40:34.588,,1.46,
LINE1,01-10-2020 10:40:39.777,0.05,1.53,15.55
LINE1,01-10-2020 10:41:39.776,0.04,1.39,15.56
LINE1,01-10-2020 10:41:39.781,,1.66,
LINE1,01-10-2020 10:41:43.588,,1.41,
LINE1,01-10-2020 10:41:45.588,,1.78,
LINE1,01-10-2020 10:41:47.088,,1.57,
LINE1,01-10-2020 10:42:01.089,,,15.34
LINE1,01-10-2020 10:42:16.089,,,15.12
LINE1,01-10-2020 10:42:33.089,,,14.91
LINE1,01-10-2020 10:42:39.777,0.04,1.54,14.9
LINE1,01-10-2020 10:42:53.089,,,14.69
LINE1,01-10-2020 10:43:10.088,,1.31,
LINE1,01-10-2020 10:43:11.088,,1.56,
LINE1,01-10-2020 10:43:28.089,,,14.91
LINE1,01-10-2020 10:43:33.089,,,15.12
LINE1,01-10-2020 10:43:37.589,,,15.38
LINE1,01-10-2020 10:43:39.775,0.05,1.63,15.39
LINE1,01-10-2020 10:43:41.088,,1.32,
LINE1,01-10-2020 10:43:42.588,,1.55,
LINE1,01-10-2020 10:43:42.590,,,15.61
LINE1,01-10-2020 10:43:46.089,,,15.82
LINE1,01-10-2020 10:43:52.090,,,16.07
LINE1,01-10-2020 10:43:56.090,,,16.31
LINE1,01-10-2020 10:44:01.591,,,16.53
LINE1,01-10-2020 10:44:09.592,,,16.74
LINE1,01-10-2020 10:44:25.594,,,16.95
LINE1,01-10-2020 10:44:39.777,0.05,1.52,17.07
LINE1,01-10-2020 10:45:39.776,0.05,1.65,17.08
LINE1,01-10-2020 10:45:44.088,,1.39,
LINE1,01-10-2020 10:45:52.088,,1.66,
LINE1,01-10-2020 10:45:58.088,,1.45,
LINE1,01-10-2020 10:46:22.088,,1.68,
LINE1,01-10-2020 10:46:30.088,,1.46,
LINE1,01-10-2020 10:46:39.777,0.05,1.42,17.07
LINE1,01-10-2020 10:46:40.088,,1.65,
LINE1,01-10-2020 10:46:46.088,,1.43,
LINE1,01-10-2020 10:47:13.088,,1.67,
LINE1,01-10-2020 10:47:14.088,,1.38,
LINE1,01-10-2020 10:47:17.088,,1.59,
LINE1,01-10-2020 10:47:39.776,0.05,1.56,17.07
LINE1,01-10-2020 10:48:03.088,,1.33,
LINE1,01-10-2020 10:48:04.088,,1.75,
LINE1,01-10-2020 10:48:07.088,,1.5,
LINE1,01-10-2020 10:48:39.775,0.05,1.54,17.07
LINE1,01-10-2020 10:48:47.088,,1.31,
LINE1,01-10-2020 10:48:49.088,,1.62,
LINE1,01-10-2020 10:48:55.089,,1.33,
LINE1,01-10-2020 10:48:56.088,,1.62,
LINE1,01-10-2020 10:49:39.777,0.05,1.42,17.07
LINE1,01-10-2020 10:49:48.088,,1.68,
LINE1,01-10-2020 10:49:54.088,,1.47,
LINE1,01-10-2020 10:50:19.088,,1.69,
LINE1,01-10-2020 10:50:20.088,,1.44,
LINE1,01-10-2020 10:50:39.776,0.05,1.61,17.12
LINE1,01-10-2020 10:50:43.090,,1.4,
LINE1,01-10-2020 10:50:46.090,,1.61,
LINE1,01-10-2020 10:51:39.777,0.05,1.63,17.18
LINE1,01-10-2020 10:52:07.588,,1.31,
LINE1,01-10-2020 10:52:08.588,,1.52,
LINE1,01-10-2020 10:52:39.775,0.05,1.5,17.26
LINE1,01-10-2020 10:52:49.588,,1.3,
LINE1,01-10-2020 10:52:50.588,,1.72,
LINE1,01-10-2020 10:52:52.588,,1.49,
LINE1,01-10-2020 10:53:04.588,,1.69,
LINE1,01-10-2020 10:53:10.588,,1.48,
LINE1,01-10-2020 10:53:39.777,0.05,1.49,17.29
LINE1,01-10-2020 10:54:30.588,,1.74,
LINE1,01-10-2020 10:54:37.588,,1.48,
LINE1,01-10-2020 10:54:39.776,0.05,1.53,17.3
LINE1,01-10-2020 10:55:39.775,0.05,1.43,17.33
LINE1,01-10-2020 10:55:50.088,,1.63,
LINE1,01-10-2020 10:55:56.589,,1.43,
LINE1,01-10-2020 10:56:01.589,,1.63,
LINE1,01-10-2020 10:56:13.588,,1.42,
LINE1,01-10-2020 10:56:39.777,0.05,1.45,17.34
LINE1,01-10-2020 10:56:54.088,,1.66,
LINE1,01-10-2020 10:56:59.088,,1.43,
LINE1,01-10-2020 10:57:17.589,,1.63,
LINE1,01-10-2020 10:57:39.775,0.05,1.56,17.4
LINE1,01-10-2020 10:58:39.776,0.05,1.45,17.39
LINE1,01-10-2020 10:58:52.088,,1.65,
LINE1,01-10-2020 10:58:57.088,,1.37,
LINE1,01-10-2020 10:58:58.088,,1.58,
LINE1,01-10-2020 10:59:39.775,0.05,1.51,17.5
LINE1,01-10-2020 11:00:39.776,0.05,1.62,17.57
LINE1,01-10-2020 11:00:58.088,,1.33,
LINE1,01-10-2020 11:00:59.088,,1.66,
LINE1,01-10-2020 11:01:14.588,,1.42,
LINE1,01-10-2020 11:01:39.776,0.05,1.57,17.5
LINE1,01-10-2020 11:02:39.776,0.05,1.56,17.5
LINE1,01-10-2020 11:03:39.777,0.05,1.61,17.51
LINE1,01-10-2020 11:04:20.092,,1.35,
LINE1,01-10-2020 11:04:22.092,,1.6,
LINE1,01-10-2020 11:04:39.775,0.05,1.54,17.51
LINE1,01-10-2020 11:05:39.777,0.05,1.59,17.49
LINE1,01-10-2020 11:05:55.082,,1.32,
LINE1,01-10-2020 11:05:56.082,,1.64,
LINE1,01-10-2020 11:06:04.582,,1.42,
LINE1,01-10-2020 11:06:39.775,0.05,1.6,17.51
LINE1,01-10-2020 11:06:45.582,,1.4,
LINE1,01-10-2020 11:06:49.582,,1.67,
LINE1,01-10-2020 11:07:30.582,,1.29,
LINE1,01-10-2020 11:07:31.582,,1.64,
LINE1,01-10-2020 11:07:39.777,0.05,1.59,17.5
LINE1,01-10-2020 11:08:14.582,,1.38,
LINE1,01-10-2020 11:08:15.082,,1.63,
LINE1,01-10-2020 11:08:39.775,0.05,1.61,17.5
LINE1,01-10-2020 11:08:40.582,,1.29,
LINE1,01-10-2020 11:08:41.582,,1.7,
LINE1,01-10-2020 11:08:59.082,,1.47,
LINE1,01-10-2020 11:09:39.776,0.05,1.49,17.62
LINE1,01-10-2020 11:10:28.582,,1.69,
LINE1,01-10-2020 11:10:35.583,,1.48,
LINE1,01-10-2020 11:10:39.777,0.05,1.57,17.55
LINE1,01-10-2020 11:11:39.775,0.05,1.58,17.56
LINE1,01-10-2020 11:12:39.777,0.05,1.58,17.73
LINE1,01-10-2020 11:12:43.083,,,17.53
LINE1,01-10-2020 11:12:45.083,,,17.73
LINE1,01-10-2020 11:13:32.082,,1.29,
LINE1,01-10-2020 11:13:33.082,,1.68,
LINE1,01-10-2020 11:13:39.776,0.05,1.63,17.61
LINE1,01-10-2020 11:13:47.082,,1.31,
LINE1,01-10-2020 11:13:48.082,,1.61,
LINE1,01-10-2020 11:14:26.082,,1.41,
LINE1,01-10-2020 11:14:27.082,,1.68,
LINE1,01-10-2020 11:14:32.082,,1.46,
LINE1,01-10-2020 11:14:39.776,0.05,1.67,17.73
LINE1,01-10-2020 11:15:04.082,,1.44,
LINE1,01-10-2020 11:15:25.082,,1.65,
LINE1,01-10-2020 11:15:30.082,,1.35,
LINE1,01-10-2020 11:15:31.082,,1.56,
LINE1,01-10-2020 11:15:39.775,0.05,1.53,17.73
LINE1,01-10-2020 11:16:39.776,0.05,1.43,17.73
LINE1,01-10-2020 11:16:55.082,,1.66,
LINE1,01-10-2020 11:16:57.082,,1.39,
LINE1,01-10-2020 11:16:58.082,,1.65,
LINE1,01-10-2020 11:17:36.085,,1.34,
LINE1,01-10-2020 11:17:37.086,,1.62,
LINE1,01-10-2020 11:17:39.776,0.05,1.6,17.77
LINE1,01-10-2020 11:17:47.087,,1.38,
LINE1,01-10-2020 11:17:49.087,,1.64,
LINE1,01-10-2020 11:17:52.088,,1.42,
LINE1,01-10-2020 11:17:53.087,,1.65,
LINE1,01-10-2020 11:18:22.088,,1.45,
LINE1,01-10-2020 11:18:25.087,,1.65,
LINE1,01-10-2020 11:18:39.776,0.05,1.58,17.83
LINE1,01-10-2020 11:19:05.082,,1.34,
LINE1,01-10-2020 11:19:06.082,,1.63,
LINE1,01-10-2020 11:19:33.082,,1.42,
LINE1,01-10-2020 11:19:39.777,0.05,1.59,17.87
LINE1,01-10-2020 11:20:39.775,0.05,1.59,17.84
LINE1,01-10-2020 11:21:39.777,0.05,1.64,17.94
LINE1,01-10-2020 11:21:48.082,,1.42,
LINE1,01-10-2020 11:21:49.082,,1.62,
LINE1,01-10-2020 11:21:59.582,,1.41,
LINE1,01-10-2020 11:22:07.582,,1.62,
LINE1,01-10-2020 11:22:28.582,,1.4,
LINE1,01-10-2020 11:22:34.583,,1.61,
LINE1,01-10-2020 11:22:39.776,0.05,1.5,17.95
LINE1,01-10-2020 11:23:39.776,0.05,1.56,17.84
LINE1,01-10-2020 11:23:42.583,,,18.05
LINE1,01-10-2020 11:23:49.583,,1.35,
LINE1,01-10-2020 11:23:52.582,,1.58,
LINE1,01-10-2020 11:24:39.776,0.05,1.53,18
LINE1,01-10-2020 11:25:39.776,0.05,1.58,18.07
LINE1,01-10-2020 11:26:21.082,,1.35,
LINE1,01-10-2020 11:26:22.082,,1.57,
LINE1,01-10-2020 11:26:39.777,0.05,1.58,18.18
LINE1,01-10-2020 11:27:39.775,0.05,1.54,18
LINE1,01-10-2020 11:28:39.776,0.05,1.43,18.18
LINE1,01-10-2020 11:28:52.082,,1.64,
LINE1,01-10-2020 11:29:13.082,,1.4,
LINE1,01-10-2020 11:29:15.082,,1.65,
LINE1,01-10-2020 11:29:39.775,0.05,1.55,18.21
LINE1,01-10-2020 11:30:39.776,0.05,1.5,18.17
LINE1,01-10-2020 11:31:08.088,,,17.94
LINE1,01-10-2020 11:31:14.088,,,17.73
LINE1,01-10-2020 11:31:23.088,,,17.51
LINE1,01-10-2020 11:31:28.089,,,17.29
LINE1,01-10-2020 11:31:39.776,0.05,1.53,17.17
LINE1,01-10-2020 11:32:12.083,,,17.38
LINE1,01-10-2020 11:32:39.776,0.05,1.52,17.4
LINE1,01-10-2020 11:33:39.777,0.05,1.6,17.51
LINE1,01-10-2020 11:34:39.776,0.05,1.57,17.51
LINE1,01-10-2020 11:35:15.082,,1.36,
LINE1,01-10-2020 11:35:17.082,,1.65,
LINE1,01-10-2020 11:35:29.082,,1.45,
LINE1,01-10-2020 11:35:39.777,0.05,1.5,17.39
LINE1,01-10-2020 11:36:36.083,,,17.17
LINE1,01-10-2020 11:36:39.775,0.05,1.52,17.29
LINE1,01-10-2020 11:37:30.086,,,17.07
LINE1,01-10-2020 11:37:39.777,0.05,1.7,17.12
LINE1,01-10-2020 11:37:47.087,,1.46,
LINE1,01-10-2020 11:38:39.776,0.05,1.55,17.07
LINE1,01-10-2020 11:39:34.583,,,16.84
LINE1,01-10-2020 11:39:39.776,0.05,1.46,16.91
LINE1,01-10-2020 11:39:46.583,,1.73,
LINE1,01-10-2020 11:39:49.582,,1.52,
LINE1,01-10-2020 11:40:39.776,0.05,1.54,16.96
LINE1,01-10-2020 11:40:52.583,,,17.16
LINE1,01-10-2020 11:41:39.776,0.05,1.55,17.34
LINE1,01-10-2020 11:42:18.082,,1.34,
LINE1,01-10-2020 11:42:19.082,,1.64,
LINE1,01-10-2020 11:42:39.776,0.05,1.52,17.32
LINE1,01-10-2020 11:43:39.776,0.05,1.52,17.34
LINE1,01-10-2020 11:44:39.777,0.05,1.54,17.34
LINE1,01-10-2020 11:45:39.776,0.05,1.55,17.28
LINE1,01-10-2020 11:46:39.777,0.05,1.53,17.29
LINE1,01-10-2020 11:47:39.776,0.05,1.56,17.29
LINE1,01-10-2020 11:48:39.777,0.05,1.36,17.17
LINE1,01-10-2020 11:48:39.782,,1.59,
LINE1,01-10-2020 11:49:39.776,0.05,1.54,17.18
LINE1,01-10-2020 11:50:39.776,0.05,1.52,17.12
LINE1,01-10-2020 11:51:39.777,0.05,1.5,17.07
LINE1,01-10-2020 11:52:30.082,,1.72,
LINE1,01-10-2020 11:52:39.775,0.05,1.53,16.96
LINE1,01-10-2020 11:53:39.776,0.05,1.56,16.96
LINE1,01-10-2020 11:53:51.082,,1.36,
LINE1,01-10-2020 11:53:52.082,,1.59,
LINE1,01-10-2020 11:54:37.083,,1.35,
LINE1,01-10-2020 11:54:39.776,0.05,1.59,16.85
LINE1,01-10-2020 11:55:04.082,,1.28,
LINE1,01-10-2020 11:55:05.082,,1.68,
LINE1,01-10-2020 11:55:06.084,,1.45,
LINE1,01-10-2020 11:55:22.082,,1.65,
LINE1,01-10-2020 11:55:27.082,,1.43,
LINE1,01-10-2020 11:55:31.582,,1.63,
LINE1,01-10-2020 11:55:39.776,0.05,1.55,16.9
LINE1,01-10-2020 11:55:48.582,,1.32,
LINE1,01-10-2020 11:55:50.082,,1.54,
LINE1,01-10-2020 11:56:39.777,0.05,1.42,16.85
LINE1,01-10-2020 11:56:42.082,,1.62,
LINE1,01-10-2020 11:56:52.082,,1.4,
LINE1,01-10-2020 11:56:53.082,,1.65,
LINE1,01-10-2020 11:57:03.082,,1.36,
LINE1,01-10-2020 11:57:04.582,,1.61,
LINE1,01-10-2020 11:57:39.776,0.05,1.58,16.9
LINE1,01-10-2020 11:58:23.587,,1.36,
LINE1,01-10-2020 11:58:24.587,,1.57,
LINE1,01-10-2020 11:58:32.087,,1.32,
LINE1,01-10-2020 11:58:33.087,,1.63,
LINE1,01-10-2020 11:58:39.776,0.05,1.52,16.86
LINE1,01-10-2020 11:59:39.776,0.05,1.5,16.85
LINE1,01-10-2020 12:00:30.582,,1.28,
LINE1,01-10-2020 12:00:32.082,,1.62,
LINE1,01-10-2020 12:00:39.776,0.05,1.59,16.85
LINE1,01-10-2020 12:00:41.082,,1.38,
LINE1,01-10-2020 12:00:42.082,,1.72,
LINE1,01-10-2020 12:00:46.083,,1.49,
LINE1,01-10-2020 12:01:39.775,0.05,1.52,16.78
LINE1,01-10-2020 12:02:39.776,0.05,1.55,16.73
LINE1,01-10-2020 12:03:39.776,0.05,1.61,16.69
LINE1,01-10-2020 12:03:47.082,,1.4,
LINE1,01-10-2020 12:03:52.082,,1.65,
LINE1,01-10-2020 12:04:01.083,,1.44,
LINE1,01-10-2020 12:04:39.776,0.05,1.57,16.69
LINE1,01-10-2020 12:05:39.775,0.05,1.5,16.69
LINE1,01-10-2020 12:06:39.775,0.05,1.5,16.68
LINE1,01-10-2020 12:07:16.077,,1.29,
LINE1,01-10-2020 12:07:17.076,,1.65,
LINE1,01-10-2020 12:07:31.576,,1.43,
LINE1,01-10-2020 12:07:32.576,,1.66,
LINE1,01-10-2020 12:07:39.776,0.05,1.53,16.65
LINE1,01-10-2020 12:08:29.076,,1.28,
LINE1,01-10-2020 12:08:30.076,,1.62,
LINE1,01-10-2020 12:08:39.775,0.05,1.52,16.64
LINE1,01-10-2020 12:09:39.776,0.05,1.49,16.67
LINE1,01-10-2020 12:10:28.077,,1.78,
LINE1,01-10-2020 12:10:30.076,,1.55,
LINE1,01-10-2020 12:10:39.776,0.05,1.57,16.63
LINE1,01-10-2020 12:11:39.776,0.05,1.61,16.63
LINE1,01-10-2020 12:12:39.777,0.05,1.54,16.62
LINE1,01-10-2020 12:13:39.776,0.05,1.53,16.64
LINE1,01-10-2020 12:14:16.077,,1.77,
LINE1,01-10-2020 12:14:18.076,,1.49,
LINE1,01-10-2020 12:14:39.777,0.05,1.55,16.52
LINE1,01-10-2020 12:15:39.777,0.04,1.59,16.52
LINE1,01-10-2020 12:16:17.076,,1.26,
LINE1,01-10-2020 12:16:18.076,,1.65,
LINE1,01-10-2020 12:16:39.776,0.05,1.52,16.41
LINE1,01-10-2020 12:17:02.076,,1.75,
LINE1,01-10-2020 12:17:04.076,,1.51,
LINE1,01-10-2020 12:17:14.076,,1.73,
LINE1,01-10-2020 12:17:21.078,,1.5,
LINE1,01-10-2020 12:17:39.775,0.05,1.53,16.45
LINE1,01-10-2020 12:18:39.777,0.04,1.51,16.42
LINE1,01-10-2020 12:19:39.775,0.04,1.6,16.25
LINE1,01-10-2020 12:19:40.076,,1.32,
LINE1,01-10-2020 12:19:41.076,,1.62,
LINE1,01-10-2020 12:19:44.076,,1.41,
LINE1,01-10-2020 12:19:47.076,,1.61,
LINE1,01-10-2020 12:19:49.076,,1.4,
LINE1,01-10-2020 12:19:51.076,,1.63,
LINE1,01-10-2020 12:20:03.076,,1.35,
LINE1,01-10-2020 12:20:05.076,,1.59,
LINE1,01-10-2020 12:20:39.776,0.05,1.48,16.24
LINE1,01-10-2020 12:21:39.776,0.04,1.59,16.25
LINE1,01-10-2020 12:22:39.776,0.05,1.47,16.25
LINE1,01-10-2020 12:23:39.777,0.04,1.53,16.2
LINE1,01-10-2020 12:24:39.776,0.04,1.51,16.2
LINE1,01-10-2020 12:25:39.776,0.05,1.59,16.2
LINE1,01-10-2020 12:26:39.775,0.04,1.52,16.2
LINE1,01-10-2020 12:27:39.777,0.04,1.52,16.2
LINE1,01-10-2020 12:28:08.076,,1.3,
LINE1,01-10-2020 12:28:09.076,,1.66,
LINE1,01-10-2020 12:28:16.078,,1.42,
LINE1,01-10-2020 12:28:22.076,,1.64,
LINE1,01-10-2020 12:28:30.076,,1.39,
LINE1,01-10-2020 12:28:31.076,,1.68,
LINE1,01-10-2020 12:28:39.777,0.05,1.55,16.09
LINE1,01-10-2020 12:28:43.076,,1.29,
LINE1,01-10-2020 12:28:44.076,,1.74,
LINE1,01-10-2020 12:28:49.076,,1.52,
LINE1,01-10-2020 12:29:12.076,,1.79,
LINE1,01-10-2020 12:29:13.076,,1.59,
LINE1,01-10-2020 12:29:39.775,0.04,1.61,16.08
LINE1,01-10-2020 12:30:35.077,,1.39,
LINE1,01-10-2020 12:30:37.077,,1.67,
LINE1,01-10-2020 12:30:39.777,0.05,1.63,16.03
LINE1,01-10-2020 12:31:39.776,0.05,1.43,16.09
LINE1,01-10-2020 12:31:55.076,,1.66,
LINE1,01-10-2020 12:31:57.576,,1.46,
LINE1,01-10-2020 12:32:07.076,,1.69,
LINE1,01-10-2020 12:32:08.076,,1.49,
LINE1,01-10-2020 12:32:39.776,0.04,1.55,16.09
LINE1,01-10-2020 12:33:39.776,0.04,1.52,16.03
LINE1,01-10-2020 12:34:39.776,0.04,1.55,16.05
LINE1,01-10-2020 12:35:39.776,0.04,1.42,16.04
LINE1,01-10-2020 12:36:06.077,,1.64,
LINE1,01-10-2020 12:36:39.776,0.05,1.59,16.03
LINE1,01-10-2020 12:37:12.577,,1.37,
LINE1,01-10-2020 12:37:19.077,,1.58,
LINE1,01-10-2020 12:37:25.078,,1.38,
LINE1,01-10-2020 12:37:27.079,,1.58,
LINE1,01-10-2020 12:37:39.777,0.04,1.55,15.99
LINE1,01-10-2020 12:38:39.776,0.04,1.58,15.98
LINE1,01-10-2020 12:39:01.076,,1.31,
LINE1,01-10-2020 12:39:03.076,,1.78,
LINE1,01-10-2020 12:39:04.076,,1.52,
LINE1,01-10-2020 12:39:39.777,0.04,1.41,15.86
LINE1,01-10-2020 12:39:46.077,,1.74,
LINE1,01-10-2020 12:39:52.076,,1.47,
LINE1,01-10-2020 12:40:03.076,,1.75,
LINE1,01-10-2020 12:40:07.076,,1.53,
LINE1,01-10-2020 12:40:39.775,0.04,1.61,15.86
LINE1,01-10-2020 12:40:48.076,,1.4,
LINE1,01-10-2020 12:40:51.076,,1.63,
LINE1,01-10-2020 12:41:39.776,0.04,1.52,15.77
LINE1,01-10-2020 12:42:39.776,0.04,1.56,15.83
LINE1,01-10-2020 12:42:52.076,,1.32,
LINE1,01-10-2020 12:42:53.076,,1.66,
LINE1,01-10-2020 12:42:54.076,,1.45,
LINE1,01-10-2020 12:43:01.076,,1.65,
LINE1,01-10-2020 12:43:11.076,,1.45,
LINE1,01-10-2020 12:43:21.076,,1.67,
LINE1,01-10-2020 12:43:24.076,,1.45,
LINE1,01-10-2020 12:43:39.776,0.04,1.59,15.78
LINE1,01-10-2020 12:44:39.776,0.04,1.58,15.77
LINE1,01-10-2020 12:45:11.082,,1.38,
LINE1,01-10-2020 12:45:12.081,,1.62,
LINE1,01-10-2020 12:45:36.077,,1.38,
LINE1,01-10-2020 12:45:37.076,,1.68,
LINE1,01-10-2020 12:45:39.776,0.04,1.56,15.66
LINE1,01-10-2020 12:46:39.776,0.04,1.52,15.66
LINE1,01-10-2020 12:47:39.776,0.04,1.53,15.56
LINE1,01-10-2020 12:48:39.777,0.04,1.4,15.55
LINE1,01-10-2020 12:48:39.782,,1.61,
LINE1,01-10-2020 12:48:54.076,,1.39,
LINE1,01-10-2020 12:48:55.076,,1.68,
LINE1,01-10-2020 12:49:07.576,,1.36,
LINE1,01-10-2020 12:49:08.576,,1.65,
LINE1,01-10-2020 12:49:09.576,,1.44,
LINE1,01-10-2020 12:49:11.577,,1.74,
LINE1,01-10-2020 12:49:15.576,,1.49,
LINE1,01-10-2020 12:49:39.775,0.04,1.64,15.56
LINE1,01-10-2020 12:49:59.576,,1.35,
LINE1,01-10-2020 12:50:00.576,,1.62,
LINE1,01-10-2020 12:50:04.076,,1.41,
LINE1,01-10-2020 12:50:06.576,,1.63,
LINE1,01-10-2020 12:50:39.777,0.04,1.54,15.46
LINE1,01-10-2020 12:50:55.079,,1.33,
LINE1,01-10-2020 12:50:56.580,,1.57,
LINE1,01-10-2020 12:51:39.776,0.04,1.52,15.56
LINE1,01-10-2020 12:51:48.081,,1.29,
LINE1,01-10-2020 12:51:49.081,,1.59,
LINE1,01-10-2020 12:52:07.076,,1.38,
LINE1,01-10-2020 12:52:08.076,,1.66,
LINE1,01-10-2020 12:52:17.076,,1.46,
LINE1,01-10-2020 12:52:39.777,0.04,1.47,15.44
LINE1,01-10-2020 12:52:45.576,,1.69,
LINE1,01-10-2020 12:52:51.576,,1.42,
LINE1,01-10-2020 12:52:53.576,,1.62,
LINE1,01-10-2020 12:53:03.076,,1.42,
LINE1,01-10-2020 12:53:04.076,,1.62,
LINE1,01-10-2020 12:53:06.077,,1.36,
LINE1,01-10-2020 12:53:08.076,,1.57,
LINE1,01-10-2020 12:53:32.076,,1.36,
LINE1,01-10-2020 12:53:33.076,,1.57,
LINE1,01-10-2020 12:53:39.777,0.04,1.58,15.56
LINE1,01-10-2020 12:53:54.576,,1.35,
LINE1,01-10-2020 12:53:55.076,,1.59,
LINE1,01-10-2020 12:54:22.076,,1.36,
LINE1,01-10-2020 12:54:23.076,,1.62,
LINE1,01-10-2020 12:54:39.775,0.04,1.53,15.46
LINE1,01-10-2020 12:54:59.076,,1.32,
LINE1,01-10-2020 12:55:01.076,,1.57,
LINE1,01-10-2020 12:55:24.076,,1.3,
LINE1,01-10-2020 12:55:25.076,,1.57,
LINE1,01-10-2020 12:55:39.776,0.04,1.52,15.46
LINE1,01-10-2020 12:56:39.776,0.04,1.56,15.39
LINE1,01-10-2020 12:57:13.076,,1.34,
LINE1,01-10-2020 12:57:14.077,,1.61,
LINE1,01-10-2020 12:57:17.077,,1.39,
LINE1,01-10-2020 12:57:23.078,,1.61,
LINE1,01-10-2020 12:57:26.079,,1.4,
LINE1,01-10-2020 12:57:27.078,,1.63,
LINE1,01-10-2020 12:57:30.079,,,15.18
LINE1,01-10-2020 12:57:34.079,,1.42,
LINE1,01-10-2020 12:57:39.777,0.04,1.54,15.17
LINE1,01-10-2020 12:57:46.083,,,15.4
LINE1,01-10-2020 12:57:55.082,,,15.67
LINE1,01-10-2020 12:58:01.083,,,15.87
LINE1,01-10-2020 12:58:06.582,,,16.21
LINE1,01-10-2020 12:58:13.082,,,16.41
LINE1,01-10-2020 12:58:18.083,,,16.64
LINE1,01-10-2020 12:58:27.083,,,16.85
LINE1,01-10-2020 12:58:39.777,0.05,1.64,16.85
LINE1,01-10-2020 12:58:40.076,,1.44,
LINE1,01-10-2020 12:58:43.076,,1.68,
LINE1,01-10-2020 12:58:45.077,,,17.06
LINE1,01-10-2020 12:58:52.076,,1.4,
LINE1,01-10-2020 12:59:02.076,,1.61,
LINE1,01-10-2020 12:59:39.777,0.05,1.62,17.08
LINE1,01-10-2020 13:00:26.077,,1.42,
LINE1,01-10-2020 13:00:39.776,0.05,1.53,17.07
LINE1,01-10-2020 13:01:39.775,0.05,1.51,17.05
LINE1,01-10-2020 13:02:39.776,0.05,1.55,17.08
LINE1,01-10-2020 13:03:27.076,,1.33,
LINE1,01-10-2020 13:03:28.076,,1.68,
LINE1,01-10-2020 13:03:32.076,,1.33,
LINE1,01-10-2020 13:03:34.076,,1.64,
LINE1,01-10-2020 13:03:39.776,0.05,1.56,17.18
LINE1,01-10-2020 13:04:37.081,,1.34,
LINE1,01-10-2020 13:04:39.777,0.05,1.73,17.12
LINE1,01-10-2020 13:04:41.082,,1.53,
LINE1,01-10-2020 13:05:39.776,0.05,1.64,17.28
LINE1,01-10-2020 13:05:39.781,,1.41,
LINE1,01-10-2020 13:05:43.571,,1.62,
LINE1,01-10-2020 13:06:00.071,,1.4,
LINE1,01-10-2020 13:06:02.072,,1.6,
LINE1,01-10-2020 13:06:39.776,0.05,1.59,17.28
LINE1,01-10-2020 13:06:50.571,,1.37,
LINE1,01-10-2020 13:06:52.571,,1.58,
LINE1,01-10-2020 13:07:02.071,,1.36,
LINE1,01-10-2020 13:07:03.071,,1.68,
LINE1,01-10-2020 13:07:29.071,,1.47,
LINE1,01-10-2020 13:07:30.071,,1.7,
LINE1,01-10-2020 13:07:36.072,,1.49,
